@ARTICLE{Eldridge+2017,
   author = {{Eldridge}, J.~J. and {Stanway}, E.~R. and {Xiao}, L. and {McClelland}, L.~A.~S. and 
	{Taylor}, G. and {Ng}, M. and {Greis}, S.~M.~L. and {Bray}, J.~C.
	},
    title = "{Binary Population and Spectral Synthesis Version 2.1: Construction, Observational Verification, and New Results}",
  journal = {\pasa},
archivePrefix = "arXiv",
   eprint = {1710.02154},
 primaryClass = "astro-ph.SR",
 keywords = {binaries: general, galaxies: evolution, galaxies: stellar content, methods: numerical, stars: evolution, stars: statistics},
     year = 2017,
    month = nov,
   volume = 34,
      eid = {e058},
    pages = {e058},
      doi = {10.1017/pasa.2017.51},
   adsurl = {http://adsabs.harvard.edu/abs/2017PASA...34...58E},
  adsnote = {Provided by the SAO/NASA Astrophysics Data System}
}


@ARTICLE{Stroe+2017a,
   author = {{Stroe}, A. and {Sobral}, D. and {Matthee}, J. and {Calhau}, J. and 
	{Oteo}, I.},
    title = "{A 1.4 deg$^{2}$ blind survey for C II], C III] and C IV at z {\tilde} 0.7-1.5 - II. Luminosity functions and cosmic average line ratios}",
  journal = {\mnras},
archivePrefix = "arXiv",
   eprint = {1704.01124},
 keywords = {galaxies: active, galaxies: high redshift, galaxies: luminosity function, mass function, quasars: emission lines, star formation, cosmology: observations},
     year = 2017,
    month = nov,
   volume = 471,
    pages = {2575-2586},
      doi = {10.1093/mnras/stx1713},
   adsurl = {http://adsabs.harvard.edu/abs/2017MNRAS.471.2575S},
  adsnote = {Provided by the SAO/NASA Astrophysics Data System}
}

@ARTICLE{Mainali+2017,
   author = {{Mainali}, R. and {Kollmeier}, J.~A. and {Stark}, D.~P. and 
	{Simcoe}, R.~A. and {Walth}, G. and {Newman}, A.~B. and {Miller}, D.~R.
	},
    title = "{Evidence for a Hard Ionizing Spectrum from a z = 6.11 Stellar Population}",
  journal = {\apjl},
archivePrefix = "arXiv",
   eprint = {1611.07125},
 keywords = {cosmology: observations, galaxies: evolution, galaxies: formation, galaxies: high-redshift},
     year = 2017,
    month = feb,
   volume = 836,
      eid = {L14},
    pages = {L14},
      doi = {10.3847/2041-8213/836/1/L14},
   adsurl = {http://adsabs.harvard.edu/abs/2017ApJ...836L..14M},
  adsnote = {Provided by the SAO/NASA Astrophysics Data System}
}


@ARTICLE{Schmidt+2017,
   author = {{Schmidt}, K.~B. and {Huang}, K.-H. and {Treu}, T. and {Hoag}, A. and 
	{Brada{\v c}}, M. and {Henry}, A.~L. and {Jones}, T.~A. and 
	{Mason}, C. and {Malkan}, M. and {Morishita}, T. and {Pentericci}, L. and 
	{Trenti}, M. and {Vulcani}, B. and {Wang}, X.},
    title = "{The Grism Lens-Amplified Survey from Space (GLASS). XI. Detection of C iv in Multiple Images of the z = 6.11 Ly{$\alpha$} Emitter behind RXC J2248.7-4431}",
  journal = {\apj},
archivePrefix = "arXiv",
   eprint = {1702.04731},
 keywords = {galaxies: clusters: individual: RXC J2248.7{\ndash}4431, galaxies: evolution, galaxies: high-redshift},
     year = 2017,
    month = apr,
   volume = 839,
      eid = {17},
    pages = {17},
      doi = {10.3847/1538-4357/aa68a3},
   adsurl = {http://adsabs.harvard.edu/abs/2017ApJ...839...17S},
  adsnote = {Provided by the SAO/NASA Astrophysics Data System}
}

@ARTICLE{Dotter+2017,
   author = {{Dotter}, A. and {Conroy}, C. and {Cargile}, P. and {Asplund}, M.
	},
    title = "{The Influence of Atomic Diffusion on Stellar Ages and Chemical Tagging}",
  journal = {\apj},
archivePrefix = "arXiv",
   eprint = {1704.03465},
 primaryClass = "astro-ph.SR",
 keywords = {stars: abundances, stars: evolution},
     year = 2017,
    month = may,
   volume = 840,
      eid = {99},
    pages = {99},
      doi = {10.3847/1538-4357/aa6d10},
   adsurl = {http://adsabs.harvard.edu/abs/2017ApJ...840...99D},
  adsnote = {Provided by the SAO/NASA Astrophysics Data System}
}

@ARTICLE{Stroe+2017b,
   author = {{Stroe}, A. and {Sobral}, D. and {Matthee}, J. and {Calhau}, J. and 
	{Oteo}, I.},
    title = "{A 1.4 deg$^{2}$ blind survey for C II], C III] and C IV at z {\tilde} 0.7-1.5 - I. Nature, morphologies and equivalent widths}",
  journal = {\mnras},
archivePrefix = "arXiv",
   eprint = {1703.10169},
 keywords = {galaxies: active, galaxies: high-redshift, quasars: emission lines, galaxies: star formation, cosmology: observations},
     year = 2017,
    month = nov,
   volume = 471,
    pages = {2558-2574},
      doi = {10.1093/mnras/stx1712},
   adsurl = {http://adsabs.harvard.edu/abs/2017MNRAS.471.2558S},
  adsnote = {Provided by the SAO/NASA Astrophysics Data System}
}

@ARTICLE{Choi+2017,
   author = {{Choi}, J. and {Conroy}, C. and {Byler}, N.},
    title = "{The Evolution and Properties of Rotating Massive Star Populations}",
  journal = {\apj},
archivePrefix = "arXiv",
   eprint = {1702.04722},
 primaryClass = "astro-ph.SR",
 keywords = {galaxies: clusters: general, stars: massive, stars: rotation},
     year = 2017,
    month = apr,
   volume = 838,
      eid = {159},
    pages = {159},
      doi = {10.3847/1538-4357/aa679f},
   adsurl = {http://adsabs.harvard.edu/abs/2017ApJ...838..159C},
  adsnote = {Provided by the SAO/NASA Astrophysics Data System}
}


@ARTICLE{Nakajima+2017,
   author = {{Nakajima}, K. and {Schaerer}, D. and {Le Fevre}, O. and {Amorin}, R. and 
	{Talia}, M. and {Lemaux}, B.~C. and {Tasca}, L.~A.~M. and {Vanzella}, E. and 
	{Zamorani}, G. and {Bardelli}, S. and {Grazian}, A. and {Guaita}, L. and 
	{Hathi}, N.~P. and {Pentericci}, L. and {Zucca}, E.},
    title = "{The VIMOS Ultra Deep Survey: On the nature, ISM properties, and ionizing spectra of CIII]1909 emitters at z=2-4}",
  journal = {ArXiv e-prints},
archivePrefix = "arXiv",
   eprint = {1709.03990},
 keywords = {Astrophysics - Astrophysics of Galaxies},
     year = 2017,
    month = sep,
   adsurl = {http://adsabs.harvard.edu/abs/2017arXiv170903990N},
  adsnote = {Provided by the SAO/NASA Astrophysics Data System}
}


@ARTICLE{Senchyna+2017,
   author = {{Senchyna}, P. and {Stark}, D.~P. and {Vidal-Garc{\'{\i}}a}, A. and 
	{Chevallard}, J. and {Charlot}, S. and {Mainali}, R. and {Jones}, T. and 
	{Wofford}, A. and {Feltre}, A. and {Gutkin}, J.},
    title = "{Ultraviolet spectra of extreme nearby star-forming regions - approaching a local reference sample for JWST}",
  journal = {\mnras},
archivePrefix = "arXiv",
   eprint = {1706.00881},
 keywords = {stars: massive, galaxies: evolution, galaxies: stellar content, ultraviolet: galaxies},
     year = 2017,
    month = dec,
   volume = 472,
    pages = {2608-2632},
      doi = {10.1093/mnras/stx2059},
   adsurl = {http://adsabs.harvard.edu/abs/2017MNRAS.472.2608S},
  adsnote = {Provided by the SAO/NASA Astrophysics Data System}
}

@ARTICLE{Byler+2017,
   author = {{Byler}, N. and {Dalcanton}, J.~J. and {Conroy}, C. and {Johnson}, B.~D.
	},
    title = "{Nebular Continuum and Line Emission in Stellar Population Synthesis Models}",
  journal = {\apj},
archivePrefix = "arXiv",
   eprint = {1611.08305},
 keywords = {galaxies: abundances, galaxies: ISM, galaxies: star formation},
     year = 2017,
    month = may,
   volume = 840,
      eid = {44},
    pages = {44},
      doi = {10.3847/1538-4357/aa6c66},
   adsurl = {http://adsabs.harvard.edu/abs/2017ApJ...840...44B},
  adsnote = {Provided by the SAO/NASA Astrophysics Data System}
}

@ARTICLE{Berg+2016,
   author = {{Berg}, D.~A. and {Skillman}, E.~D. and {Henry}, R.~B.~C. and 
	{Erb}, D.~K. and {Carigi}, L.},
    title = "{Carbon and Oxygen Abundances in Low Metallicity Dwarf Galaxies}",
  journal = {\apj},
archivePrefix = "arXiv",
   eprint = {1605.06152},
 keywords = {galaxies: abundances, galaxies: dwarf, galaxies: evolution, galaxies: ISM, H ii regions},
     year = 2016,
    month = aug,
   volume = 827,
      eid = {126},
    pages = {126},
      doi = {10.3847/0004-637X/827/2/126},
   adsurl = {http://adsabs.harvard.edu/abs/2016ApJ...827..126B},
  adsnote = {Provided by the SAO/NASA Astrophysics Data System}
}

@ARTICLE{deBarros+2016,
   author = {{de Barros}, S. and {Vanzella}, E. and {Amor{\'{\i}}n}, R. and 
	{Castellano}, M. and {Siana}, B. and {Grazian}, A. and {Suh}, H. and 
	{Balestra}, I. and {Vignali}, C. and {Verhamme}, A. and {Zamorani}, G. and 
	{Mignoli}, M. and {Hasinger}, G. and {Comastri}, A. and {Pentericci}, L. and 
	{P{\'e}rez-Montero}, E. and {Fontana}, A. and {Giavalisco}, M. and 
	{Gilli}, R.},
    title = "{An extreme [O III@ARTICLE{2017ApJ...840...99D,
   author = {{Dotter}, A. and {Conroy}, C. and {Cargile}, P. and {Asplund}, M.
	},
    title = "{The Influence of Atomic Diffusion on Stellar Ages and Chemical Tagging}",
  journal = {\apj},
archivePrefix = "arXiv",
   eprint = {1704.03465},
 primaryClass = "astro-ph.SR",
 keywords = {stars: abundances, stars: evolution},
     year = 2017,
    month = may,
   volume = 840,
      eid = {99},
    pages = {99},
      doi = {10.3847/1538-4357/aa6d10},
   adsurl = {http://adsabs.harvard.edu/abs/2017ApJ...840...99D},
  adsnote = {Provided by the SAO/NASA Astrophysics Data System}
}
] emitter at z = 3.2: a low metallicity Lyman continuum source}",
  journal = {\aap},
archivePrefix = "arXiv",
   eprint = {1507.06648},
 keywords = {galaxies: high-redshift, galaxies: evolution, galaxies: ISM, galaxies: starburst},
     year = 2016,
    month = jan,
   volume = 585,
      eid = {A51},
    pages = {A51},
      doi = {10.1051/0004-6361/201527046},
   adsurl = {http://adsabs.harvard.edu/abs/2016A%26A...585A..51D},
  adsnote = {Provided by the SAO/NASA Astrophysics Data System}
}

@ARTICLE{Feltre+2016,
   author = {{Feltre}, A. and {Charlot}, S. and {Gutkin}, J.},
    title = "{Nuclear activity versus star formation: emission-line diagnostics at ultraviolet and optical wavelengths}",
  journal = {\mnras},
archivePrefix = "arXiv",
   eprint = {1511.08217},
 keywords = {galaxies: active, galaxies: high-redshift, quasars: emission lines, galaxies: star formation, ultraviolet: galaxies},
     year = 2016,
    month = mar,
   volume = 456,
    pages = {3354-3374},
      doi = {10.1093/mnras/stv2794},
   adsurl = {http://adsabs.harvard.edu/abs/2016MNRAS.456.3354F},
  adsnote = {Provided by the SAO/NASA Astrophysics Data System}
}

@ARTICLE{Telford+2016,
   author = {{Telford}, O.~G. and {Dalcanton}, J.~J. and {Skillman}, E.~D. and 
	{Conroy}, C.},
    title = "{Exploring Systematic Effects in the Relation Between Stellar Mass, Gas Phase Metallicity, and Star Formation Rate}",
  journal = {\apj},
archivePrefix = "arXiv",
   eprint = {1606.08850},
 keywords = {galaxies: evolution, ISM: abundances},
     year = 2016,
    month = aug,
   volume = 827,
      eid = {35},
    pages = {35},
      doi = {10.3847/0004-637X/827/1/35},
   adsurl = {http://esoads.eso.org/abs/2016ApJ...827...35T},
  adsnote = {Provided by the SAO/NASA Astrophysics Data System}
}

@ARTICLE{Gutkin+2016,
   author = {{Gutkin}, J. and {Charlot}, S. and {Bruzual}, G.},
    title = "{Modelling the nebular emission from primeval to present-day star-forming galaxies}",
  journal = {\mnras},
archivePrefix = "arXiv",
   eprint = {1607.06086},
 keywords = {galaxies: abundances, galaxies: general, galaxies: high-redshift, galaxies: ISM},
     year = 2016,
    month = oct,
   volume = 462,
    pages = {1757-1774},
      doi = {10.1093/mnras/stw1716},
   adsurl = {http://adsabs.harvard.edu/abs/2016MNRAS.462.1757G},
  adsnote = {Provided by the SAO/NASA Astrophysics Data System}
}
@ARTICLE{Dotter+2016,
   author = {{Dotter}, A.},
    title = "{MESA Isochrones and Stellar Tracks (MIST) 0: Methods for the Construction of Stellar Isochrones}",
  journal = {\apjs},
archivePrefix = "arXiv",
   eprint = {1601.05144},
 primaryClass = "astro-ph.SR",
 keywords = {methods: numerical, stars: evolution},
     year = 2016,
    month = jan,
   volume = 222,
      eid = {8},
    pages = {8},
      doi = {10.3847/0067-0049/222/1/8},
   adsurl = {http://adsabs.harvard.edu/abs/2016ApJS..222....8D},
  adsnote = {Provided by the SAO/NASA Astrophysics Data System}
}
@ARTICLE{Choi+2016,
   author = {{Choi}, J. and {Dotter}, A. and {Conroy}, C. and {Cantiello}, M. and 
	{Paxton}, B. and {Johnson}, B.~D.},
    title = "{Mesa Isochrones and Stellar Tracks (MIST). I. Solar-scaled Models}",
  journal = {\apj},
archivePrefix = "arXiv",
   eprint = {1604.08592},
 primaryClass = "astro-ph.SR",
 keywords = {stars: evolution, stars: general, stars: interiors },
     year = 2016,
    month = jun,
   volume = 823,
      eid = {102},
    pages = {102},
      doi = {10.3847/0004-637X/823/2/102},
   adsurl = {http://adsabs.harvard.edu/abs/2016ApJ...823..102C},
  adsnote = {Provided by the SAO/NASA Astrophysics Data System}
}

@ARTICLE{Steidel+2016,
   author = {{Steidel}, C.~C. and {Strom}, A.~L. and {Pettini}, M. and {Rudie}, G.~C. and 
	{Reddy}, N.~A. and {Trainor}, R.~F.},
    title = "{Reconciling the Stellar and Nebular Spectra of High-redshift Galaxies}",
  journal = {\apj},
archivePrefix = "arXiv",
   eprint = {1605.07186},
 keywords = {cosmology: observations, galaxies: evolution, galaxies: high-redshift, H ii regions, ISM: abundances, stars: massive},
     year = 2016,
    month = aug,
   volume = 826,
      eid = {159},
    pages = {159},
      doi = {10.3847/0004-637X/826/2/159},
   adsurl = {http://adsabs.harvard.edu/abs/2016ApJ...826..159S},
  adsnote = {Provided by the SAO/NASA Astrophysics Data System}
}

@ARTICLE{Du+2016,
   author = {{Du}, X. and {Shapley}, A.~E. and {Martin}, C.~L. and {Coil}, A.~L.
	},
    title = "{CIII] Emission in Star-forming Galaxies at z \~{} 1}",
  journal = {ArXiv e-prints},
archivePrefix = "arXiv",
   eprint = {1612.06866},
 keywords = {Astrophysics - Astrophysics of Galaxies},
     year = 2016,
    month = dec,
   adsurl = {http://adsabs.harvard.edu/abs/2016arXiv161206866D},
  adsnote = {Provided by the SAO/NASA Astrophysics Data System}
}

@ARTICLE{Jaskot+2016,
   author = {{Jaskot}, A.~E. and {Ravindranath}, S.},
    title = "{Photoionization Models for the Semi-forbidden C III] 1909 Emission in Star-forming Galaxies}",
  journal = {\apj},
archivePrefix = "arXiv",
   eprint = {1610.03778},
 keywords = {galaxies: high-redshift, galaxies: ISM, galaxies: starburst, radiative transfer, stars: massive, ultraviolet: galaxies},
     year = 2016,
    month = dec,
   volume = 833,
      eid = {136},
    pages = {136},
      doi = {10.3847/1538-4357/833/2/136},
   adsurl = {http://adsabs.harvard.edu/abs/2016ApJ...833..136J},
  adsnote = {Provided by the SAO/NASA Astrophysics Data System}
}

@ARTICLE{Esteban+2016,
   author = {{Esteban}, C. and {Toribio San Cipriano}, L. and {Garc{\'{\i}}a-Rojas}, J.
	},
    title = "{The abundance discrepancy in H II regions}",
  journal = {ArXiv e-prints},
archivePrefix = "arXiv",
   eprint = {1612.03633},
 keywords = {Astrophysics - Astrophysics of Galaxies},
     year = 2016,
    month = dec,
   adsurl = {http://adsabs.harvard.edu/abs/2016arXiv161203633E},
  adsnote = {Provided by the SAO/NASA Astrophysics Data System}
}

@ARTICLE{Nicholla+2016,
   author = {{Nicholls}, D.~C. and {Sutherland}, R.~S. and {Dopita}, M.~A. and 
	{Kewley}, L.~J. and {Groves}, B.~A.},
    title = "{Abundance scaling in stars, nebulae and galaxies}",
  journal = {ArXiv e-prints},
archivePrefix = "arXiv",
   eprint = {1612.03546},
 keywords = {Astrophysics - Astrophysics of Galaxies},
     year = 2016,
    month = dec,
   adsurl = {http://adsabs.harvard.edu/abs/2016arXiv161203546N},
  adsnote = {Provided by the SAO/NASA Astrophysics Data System}
}

@ARTICLE{Ding+2016,
   author = {{Ding}, J. and {Cai}, Z. and {Fan}, X. and {Stark}, D. and {Bian}, F. and 
	{Jiang}, L. and {McGreer}, I. and {Robertson}, B. and {Siana}, B.
	},
    title = "{Constraining CIII] Emission in a statistical sample of five z = 5.7 galaxies}",
  journal = {ArXiv e-prints},
archivePrefix = "arXiv",
   eprint = {1612.00902},
 keywords = {Astrophysics - Astrophysics of Galaxies},
     year = 2016,
    month = dec,
   adsurl = {http://adsabs.harvard.edu/abs/2016arXiv161200902D},
  adsnote = {Provided by the SAO/NASA Astrophysics Data System}
}

@ARTICLE{Faisst+2016,
   author = {{Faisst}, A.~L. and {Capak}, P.~L. and {Davidzon}, I. and {Salvato}, M. and 
	{Laigle}, C. and {Ilbert}, O. and {Onodera}, M. and {Hasinger}, G. and 
	{Kakazu}, Y. and {Masters}, D. and {McCracken}, H.~J. and {Mobasher}, B. and 
	{Sanders}, D. and {Silverman}, J.~D. and {Yan}, L. and {Scoville}, N.~Z.
	},
    title = "{Rest-UV Absorption Lines as Metallicity Estimator: The Metal Content of Star-forming Galaxies at z \~{} 5}",
  journal = {\apj},
archivePrefix = "arXiv",
   eprint = {1512.00018},
 keywords = {galaxies: abundances, galaxies: evolution, galaxies: high-redshift, galaxies: ISM},
     year = 2016,
    month = may,
   volume = 822,
      eid = {29},
    pages = {29},
      doi = {10.3847/0004-637X/822/1/29},
   adsurl = {http://adsabs.harvard.edu/abs/2016ApJ...822...29F},
  adsnote = {Provided by the SAO/NASA Astrophysics Data System}
}

@ARTICLE{DeBarros+2016,
   author = {{De Barros}, S. and {Reddy}, N. and {Shivaei}, I.},
    title = "{Dust Attenuation of the Nebular Regions of z \~{} 2 Star-forming Galaxies: Insight from UV, IR, and Emission Lines}",
  journal = {\apj},
 keywords = {dust, extinction, galaxies: evolution, galaxies: high-redshift, galaxies: starburst},
     year = 2016,
    month = apr,
   volume = 820,
      eid = {96},
    pages = {96},
      doi = {10.3847/0004-637X/820/2/96},
   adsurl = {http://adsabs.harvard.edu/abs/2016ApJ...820...96D},
  adsnote = {Provided by the SAO/NASA Astrophysics Data System}
}

@ARTICLE{Bundy+2015,
   author = {{Bundy}, K. and {Bershady}, M.~A. and {Law}, D.~R. and {Yan}, R. and 
	{Drory}, N. and {MacDonald}, N. and {Wake}, D.~A. and {Cherinka}, B. and 
	{S{\'a}nchez-Gallego}, J.~R. and {Weijmans}, A.-M. and {Thomas}, D. and 
	{Tremonti}, C. and {Masters}, K. and {Coccato}, L. and {Diamond-Stanic}, A.~M. and 
	{Arag{\'o}n-Salamanca}, A. and {Avila-Reese}, V. and {Badenes}, C. and 
	{Falc{\'o}n-Barroso}, J. and {Belfiore}, F. and {Bizyaev}, D. and 
	{Blanc}, G.~A. and {Bland-Hawthorn}, J. and {Blanton}, M.~R. and 
	{Brownstein}, J.~R. and {Byler}, N. and {Cappellari}, M. and 
	{Conroy}, C. and {Dutton}, A.~A. and {Emsellem}, E. and {Etherington}, J. and 
	{Frinchaboy}, P.~M. and {Fu}, H. and {Gunn}, J.~E. and {Harding}, P. and 
	{Johnston}, E.~J. and {Kauffmann}, G. and {Kinemuchi}, K. and 
	{Klaene}, M.~A. and {Knapen}, J.~H. and {Leauthaud}, A. and 
	{Li}, C. and {Lin}, L. and {Maiolino}, R. and {Malanushenko}, V. and 
	{Malanushenko}, E. and {Mao}, S. and {Maraston}, C. and {McDermid}, R.~M. and 
	{Merrifield}, M.~R. and {Nichol}, R.~C. and {Oravetz}, D. and 
	{Pan}, K. and {Parejko}, J.~K. and {Sanchez}, S.~F. and {Schlegel}, D. and 
	{Simmons}, A. and {Steele}, O. and {Steinmetz}, M. and {Thanjavur}, K. and 
	{Thompson}, B.~A. and {Tinker}, J.~L. and {van den Bosch}, R.~C.~E. and 
	{Westfall}, K.~B. and {Wilkinson}, D. and {Wright}, S. and {Xiao}, T. and 
	{Zhang}, K.},
    title = "{Overview of the SDSS-IV MaNGA Survey: Mapping nearby Galaxies at Apache Point Observatory}",
  journal = {\apj},
archivePrefix = "arXiv",
   eprint = {1412.1482},
 keywords = {galaxies: evolution, galaxies: general, surveys, techniques: imaging spectroscopy},
     year = 2015,
    month = jan,
   volume = 798,
      eid = {7},
    pages = {7},
      doi = {10.1088/0004-637X/798/1/7},
   adsurl = {http://adsabs.harvard.edu/abs/2015ApJ...798....7B},
  adsnote = {Provided by the SAO/NASA Astrophysics Data System}
}

@ARTICLE{Stark+2015,
   author = {{Stark}, D.~P. and {Richard}, J. and {Charlot}, S. and {Cl{\'e}ment}, B. and 
	{Ellis}, R. and {Siana}, B. and {Robertson}, B. and {Schenker}, M. and 
	{Gutkin}, J. and {Wofford}, A.},
    title = "{Spectroscopic detections of C III] {$\lambda$}1909 {\AA} at z {\sime} 6-7: a new probe of early star-forming galaxies and cosmic reionization}",
  journal = {\mnras},
archivePrefix = "arXiv",
   eprint = {1408.3649},
 keywords = {galaxies: evolution, galaxies: formation, galaxies: high-redshift, cosmology: observations},
     year = 2015,
    month = jun,
   volume = 450,
    pages = {1846-1855},
      doi = {10.1093/mnras/stv688},
   adsurl = {http://adsabs.harvard.edu/abs/2015MNRAS.450.1846S},
  adsnote = {Provided by the SAO/NASA Astrophysics Data System}
}

@ARTICLE{Paxton+2015,
   author = {{Paxton}, B. and {Marchant}, P. and {Schwab}, J. and {Bauer}, E.~B. and 
	{Bildsten}, L. and {Cantiello}, M. and {Dessart}, L. and {Farmer}, R. and 
	{Hu}, H. and {Langer}, N. and {Townsend}, R.~H.~D. and {Townsley}, D.~M. and 
	{Timmes}, F.~X.},
    title = "{Modules for Experiments in Stellar Astrophysics (MESA): Binaries, Pulsations, and Explosions}",
  journal = {\apjs},
archivePrefix = "arXiv",
   eprint = {1506.03146},
 primaryClass = "astro-ph.SR",
 keywords = {binaries: general, methods: numerical, nuclear reactions, nucleosynthesis, abundances, shock waves, stars: evolution, stars: oscillations},
     year = 2015,
    month = sep,
   volume = 220,
      eid = {15},
    pages = {15},
      doi = {10.1088/0067-0049/220/1/15},
   adsurl = {http://adsabs.harvard.edu/abs/2015ApJS..220...15P},
  adsnote = {Provided by the SAO/NASA Astrophysics Data System}
}

@ARTICLE{Zetterlund+2015,
   author = {{Zetterlund}, E. and {Levesque}, E.~M. and {Leitherer}, C. and 
	{Danforth}, C.~W.},
    title = "{Ultraviolet ISM Diagnostics for Star-forming Galaxies. I. Tracers of Metallicity and Extinction}",
  journal = {\apj},
archivePrefix = "arXiv",
   eprint = {1504.00011},
 keywords = {galaxies: abundances, galaxies: starburst, ultraviolet: ISM},
     year = 2015,
    month = jun,
   volume = 805,
      eid = {151},
    pages = {151},
      doi = {10.1088/0004-637X/805/2/151},
   adsurl = {http://adsabs.harvard.edu/abs/2015ApJ...805..151Z},
  adsnote = {Provided by the SAO/NASA Astrophysics Data System}
}

@ARTICLE{Rigby+2015,
   author = {{Rigby}, J.~R. and {Bayliss}, M.~B. and {Gladders}, M.~D. and 
	{Sharon}, K. and {Wuyts}, E. and {Dahle}, H. and {Johnson}, T. and 
	{Pe{\~n}a-Guerrero}, M.},
    title = "{C III] Emission in Star-forming Galaxies Near and Far}",
  journal = {\apjl},
archivePrefix = "arXiv",
   eprint = {1510.02542},
 keywords = {galaxies: star formation, gravitational lensing: strong, techniques: spectroscopic},
     year = 2015,
    month = nov,
   volume = 814,
      eid = {L6},
    pages = {L6},
      doi = {10.1088/2041-8205/814/1/L6},
   adsurl = {http://adsabs.harvard.edu/abs/2015ApJ...814L...6R},
  adsnote = {Provided by the SAO/NASA Astrophysics Data System}
}

@ARTICLE{Esteban+2014,
   author = {{Esteban}, C. and {Garc{\'{\i}}a-Rojas}, J. and {Carigi}, L. and 
	{Peimbert}, M. and {Bresolin}, F. and {L{\'o}pez-S{\'a}nchez}, A.~R. and 
	{Mesa-Delgado}, A.},
    title = "{Carbon and oxygen abundances from recombination lines in low-metallicity star-forming galaxies. Implications for chemical evolution}",
  journal = {\mnras},
archivePrefix = "arXiv",
   eprint = {1406.3986},
 keywords = {H II regions, galaxies: abundances, galaxies: dwarf, galaxies: evolution, galaxies: irregular, galaxies: ISM},
     year = 2014,
    month = sep,
   volume = 443,
    pages = {624-647},
      doi = {10.1093/mnras/stu1177},
   adsurl = {http://adsabs.harvard.edu/abs/2014MNRAS.443..624E},
  adsnote = {Provided by the SAO/NASA Astrophysics Data System}
}

@ARTICLE{Steidel+2014,
   author = {{Steidel}, C.~C. and {Rudie}, G.~C. and {Strom}, A.~L. and {Pettini}, M. and 
	{Reddy}, N.~A. and {Shapley}, A.~E. and {Trainor}, R.~F. and 
	{Erb}, D.~K. and {Turner}, M.~L. and {Konidaris}, N.~P. and 
	{Kulas}, K.~R. and {Mace}, G. and {Matthews}, K. and {McLean}, I.~S.
	},
    title = "{Strong Nebular Line Ratios in the Spectra of z \~{} 2-3 Star Forming Galaxies: First Results from KBSS-MOSFIRE}",
  journal = {\apj},
archivePrefix = "arXiv",
   eprint = {1405.5473},
 keywords = {cosmology: observations, galaxies: abundances, galaxies: evolution, galaxies: formation, galaxies: fundamental parameters, galaxies: high-redshift, galaxies: starburst, instrumentation: spectrographs},
     year = 2014,
    month = nov,
   volume = 795,
      eid = {165},
    pages = {165},
      doi = {10.1088/0004-637X/795/2/165},
   adsurl = {http://adsabs.harvard.edu/abs/2014ApJ...795..165S},
  adsnote = {Provided by the SAO/NASA Astrophysics Data System}
}

@ARTICLE{Stark+2014,
   author = {{Stark}, D.~P. and {Richard}, J. and {Siana}, B. and {Charlot}, S. and 
	{Freeman}, W.~R. and {Gutkin}, J. and {Wofford}, A. and {Robertson}, B. and 
	{Amanullah}, R. and {Watson}, D. and {Milvang-Jensen}, B.},
    title = "{Ultraviolet emission lines in young low-mass galaxies at z {\sime} 2: physical properties and implications for studies at z $\gt$ 7}",
  journal = {\mnras},
archivePrefix = "arXiv",
   eprint = {1408.1420},
 keywords = {galaxies: evolution, galaxies: formation, galaxies: high-redshift, cosmology: observations},
     year = 2014,
    month = dec,
   volume = 445,
    pages = {3200-3220},
      doi = {10.1093/mnras/stu1618},
   adsurl = {http://adsabs.harvard.edu/abs/2014MNRAS.445.3200S},
  adsnote = {Provided by the SAO/NASA Astrophysics Data System}
}

@ARTICLE{Bayliss+2014,
   author = {{Bayliss}, M.~B. and {Rigby}, J.~R. and {Sharon}, K. and {Wuyts}, E. and 
	{Florian}, M. and {Gladders}, M.~D. and {Johnson}, T. and {Oguri}, M.
	},
    title = "{The Physical Conditions, Metallicity and Metal Abundance Ratios in a Highly Magnified Galaxy at z = 3.6252}",
  journal = {\apj},
archivePrefix = "arXiv",
   eprint = {1310.6695},
 keywords = {galaxies: high-redshift, galaxies: star formation, gravitational lensing: strong},
     year = 2014,
    month = aug,
   volume = 790,
      eid = {144},
    pages = {144},
      doi = {10.1088/0004-637X/790/2/144},
   adsurl = {http://adsabs.harvard.edu/abs/2014ApJ...790..144B},
  adsnote = {Provided by the SAO/NASA Astrophysics Data System}
}

@ARTICLE{Smith+2014,
   author = {{Smith}, N.},
    title = "{Mass Loss: Its Effect on the Evolution and Fate of High-Mass Stars}",
  journal = {\araa},
archivePrefix = "arXiv",
   eprint = {1402.1237},
 primaryClass = "astro-ph.SR",
     year = 2014,
    month = aug,
   volume = 52,
    pages = {487-528},
      doi = {10.1146/annurev-astro-081913-040025},
   adsurl = {http://adsabs.harvard.edu/abs/2014ARA%26A..52..487S},
  adsnote = {Provided by the SAO/NASA Astrophysics Data System}
}

@ARTICLE{Levesque+2014,
   author = {{Levesque}, E.~M. and {Richardson}, M.~L.~A.},
    title = "{[Ne III]/[O II] as an Ionization Parameter Diagnostic in Star-Forming Galaxies}",
  journal = {\apj},
archivePrefix = "arXiv",
   eprint = {1309.0513},
 keywords = {galaxies: high-redshift, galaxies: ISM, galaxies: starburst },
     year = 2014,
    month = jan,
   volume = 780,
      eid = {100},
    pages = {100},
      doi = {10.1088/0004-637X/780/1/100},
   adsurl = {http://adsabs.harvard.edu/abs/2014ApJ...780..100L},
  adsnote = {Provided by the SAO/NASA Astrophysics Data System}
}

@ARTICLE{Conroy+2013,
   author = {{Conroy}, C.},
    title = "{Modeling the Panchromatic Spectral Energy Distributions of Galaxies}",
  journal = {\araa},
archivePrefix = "arXiv",
   eprint = {1301.7095},
     year = 2013,
    month = aug,
   volume = 51,
    pages = {393-455},
      doi = {10.1146/annurev-astro-082812-141017},
   adsurl = {http://adsabs.harvard.edu/abs/2013ARA%26A..51..393C},
  adsnote = {Provided by the SAO/NASA Astrophysics Data System}
}

@ARTICLE{Dopita+2013,
   author = {{Dopita}, M.~A. and {Sutherland}, R.~S. and {Nicholls}, D.~C. and 
	{Kewley}, L.~J. and {Vogt}, F.~P.~A.},
    title = "{New Strong-line Abundance Diagnostics for H II Regions: Effects of {$\kappa$}-distributed Electron Energies and New Atomic Data}",
  journal = {\apjs},
archivePrefix = "arXiv",
   eprint = {1307.5950},
 primaryClass = "astro-ph.CO",
 keywords = {atomic data, atomic processes, H II regions, ISM: abundances, plasmas },
     year = 2013,
    month = sep,
   volume = 208,
      eid = {10},
    pages = {10},
      doi = {10.1088/0067-0049/208/1/10},
   adsurl = {http://adsabs.harvard.edu/abs/2013ApJS..208...10D},
  adsnote = {Provided by the SAO/NASA Astrophysics Data System}
}

@ARTICLE{Ferland+2013,
   author = {{Ferland}, G.~J. and {Porter}, R.~L. and {van Hoof}, P.~A.~M. and 
	{Williams}, R.~J.~R. and {Abel}, N.~P. and {Lykins}, M.~L. and 
	{Shaw}, G. and {Henney}, W.~J. and {Stancil}, P.~C.},
    title = "{The 2013 Release of Cloudy}",
  journal = {\rmxaa},
archivePrefix = "arXiv",
   eprint = {1302.4485},
 primaryClass = "astro-ph.GA",
 keywords = {atomic processes, galaxies: active, methods: numerical, molecular processes, radiation mechanisms: general},
     year = 2013,
    month = apr,
   volume = 49,
    pages = {137-163},
   adsurl = {http://adsabs.harvard.edu/abs/2013RMxAA..49..137F},
  adsnote = {Provided by the SAO/NASA Astrophysics Data System}
}

@ARTICLE{Georgy+2013,
   author = {{Georgy}, C. and {Ekstr{\"o}m}, S. and {Granada}, A. and {Meynet}, G. and 
	{Mowlavi}, N. and {Eggenberger}, P. and {Maeder}, A.},
    title = "{Populations of rotating stars. I. Models from 1.7 to 15 M$_{⊙}$ at Z = 0.014, 0.006, and 0.002 with {$\Omega$}/{$\Omega$}$_{crit}$ between 0 and 1}",
  journal = {\aap},
archivePrefix = "arXiv",
   eprint = {1303.2321},
 primaryClass = "astro-ph.SR",
 keywords = {stars: general, stars: evolution, stars: rotation, stars: emission-line, Be, stars: mass-loss},
     year = 2013,
    month = may,
   volume = 553,
      eid = {A24},
    pages = {A24},
      doi = {10.1051/0004-6361/201220558},
   adsurl = {http://adsabs.harvard.edu/abs/2013A%26A...553A..24G},
  adsnote = {Provided by the SAO/NASA Astrophysics Data System}
}

@ARTICLE{Paxton+2013,
   author = {{Paxton}, B. and {Cantiello}, M. and {Arras}, P. and {Bildsten}, L. and 
	{Brown}, E.~F. and {Dotter}, A. and {Mankovich}, C. and {Montgomery}, M.~H. and 
	{Stello}, D. and {Timmes}, F.~X. and {Townsend}, R.},
    title = "{Modules for Experiments in Stellar Astrophysics (MESA): Planets, Oscillations, Rotation, and Massive Stars}",
  journal = {\apjs},
archivePrefix = "arXiv",
   eprint = {1301.0319},
 primaryClass = "astro-ph.SR",
 keywords = {asteroseismology, methods: numerical, planets and satellites: physical evolution, stars: evolution, stars: massive, stars: rotation},
     year = 2013,
    month = sep,
   volume = 208,
      eid = {4},
    pages = {4},
      doi = {10.1088/0067-0049/208/1/4},
   adsurl = {http://adsabs.harvard.edu/abs/2013ApJS..208....4P},
  adsnote = {Provided by the SAO/NASA Astrophysics Data System}
}

@ARTICLE{Berg+2012,
   author = {{Berg}, D.~A. and {Skillman}, E.~D. and {Marble}, A.~R. and 
	{van Zee}, L. and {Engelbracht}, C.~W. and {Lee}, J.~C. and 
	{Kennicutt}, Jr., R.~C. and {Calzetti}, D. and {Dale}, D.~A. and 
	{Johnson}, B.~D.},
    title = "{Direct Oxygen Abundances for Low-luminosity LVL Galaxies}",
  journal = {\apj},
archivePrefix = "arXiv",
   eprint = {1205.6782},
 keywords = {galaxies: abundances, galaxies: dwarf, galaxies: evolution},
     year = 2012,
    month = aug,
   volume = 754,
      eid = {98},
    pages = {98},
      doi = {10.1088/0004-637X/754/2/98},
   adsurl = {http://adsabs.harvard.edu/abs/2012ApJ...754...98B},
  adsnote = {Provided by the SAO/NASA Astrophysics Data System}
}

@ARTICLE{Rosen+2012,
   author = {{Rosen}, A.~L. and {Krumholz}, M.~R. and {Ramirez-Ruiz}, E.},
    title = "{What Sets the Initial Rotation Rates of Massive Stars?}",
  journal = {\apj},
archivePrefix = "arXiv",
   eprint = {1201.4186},
 primaryClass = "astro-ph.SR",
 keywords = {stars: formation, stars: magnetic field, stars: massive, stars: protostars, stars: rotation},
     year = 2012,
    month = apr,
   volume = 748,
      eid = {97},
    pages = {97},
      doi = {10.1088/0004-637X/748/2/97},
   adsurl = {http://adsabs.harvard.edu/abs/2012ApJ...748...97R},
  adsnote = {Provided by the SAO/NASA Astrophysics Data System}
}

@ARTICLE{Stanway+2014,
   author = {{Stanway}, E.~R. and {Eldridge}, J.~J. and {Greis}, S.~M.~L. and 
	{Davies}, L.~J.~M. and {Wilkins}, S.~M. and {Bremer}, M.~N.},
    title = "{Interpreting high [O III]/H {$\beta$} ratios with maturing starbursts}",
  journal = {\mnras},
archivePrefix = "arXiv",
   eprint = {1408.4122},
 keywords = {galaxies: evolution, galaxies: high-redshift, galaxies: star formation},
     year = 2014,
    month = nov,
   volume = 444,
    pages = {3466-3472},
      doi = {10.1093/mnras/stu1682},
   adsurl = {http://adsabs.harvard.edu/abs/2014MNRAS.444.3466S},
  adsnote = {Provided by the SAO/NASA Astrophysics Data System}
}

@ARTICLE{Eldridge+2012,
   author = {{Eldridge}, J.~J. and {Stanway}, E.~R.},
    title = "{The effect of stellar evolution uncertainties on the rest-frame ultraviolet stellar lines of C IV and He II in high-redshift Lyman-break galaxies}",
  journal = {\mnras},
archivePrefix = "arXiv",
   eprint = {1109.0288},
 keywords = {binaries: general, stars: evolution, stars: Wolf-Rayet, galaxies: high redshift, galaxies: starburst, galaxies: stellar content},
     year = 2012,
    month = jan,
   volume = 419,
    pages = {479-489},
      doi = {10.1111/j.1365-2966.2011.19713.x},
   adsurl = {http://adsabs.harvard.edu/abs/2012MNRAS.419..479E},
  adsnote = {Provided by the SAO/NASA Astrophysics Data System}
}

@ARTICLE{Pforr+2012,
   author = {{Pforr}, J. and {Maraston}, C. and {Tonini}, C.},
    title = "{Recovering galaxy stellar population properties from broad-band spectral energy distribution fitting}",
  journal = {\mnras},
archivePrefix = "arXiv",
   eprint = {1203.3548},
 primaryClass = "astro-ph.CO",
 keywords = {galaxies: evolution, galaxies: formation, galaxies: fundamental parameters, galaxies: general},
     year = 2012,
    month = jun,
   volume = 422,
    pages = {3285-3326},
      doi = {10.1111/j.1365-2966.2012.20848.x},
   adsurl = {http://adsabs.harvard.edu/abs/2012MNRAS.422.3285P},
  adsnote = {Provided by the SAO/NASA Astrophysics Data System}
}

@ARTICLE{Michalowski+2012,
   author = {{Micha{\l}owski}, M.~J. and {Dunlop}, J.~S. and {Cirasuolo}, M. and 
	{Hjorth}, J. and {Hayward}, C.~C. and {Watson}, D.},
    title = "{The stellar masses and specific star-formation rates of submillimetre galaxies}",
  journal = {\aap},
archivePrefix = "arXiv",
   eprint = {1108.6058},
 primaryClass = "astro-ph.CO",
 keywords = {galaxies: active, galaxies: evolution, galaxies: high-redshift, galaxies: ISM, galaxies: starburst, submillimeter: galaxies},
     year = 2012,
    month = may,
   volume = 541,
      eid = {A85},
    pages = {A85},
      doi = {10.1051/0004-6361/201016308},
   adsurl = {http://adsabs.harvard.edu/abs/2012A%26A...541A..85M},
  adsnote = {Provided by the SAO/NASA Astrophysics Data System}
}

@ARTICLE{Conroy+2012,
   author = {{Conroy}, C. and {van Dokkum}, P.},
    title = "{Counting Low-mass Stars in Integrated Light}",
  journal = {\apj},
archivePrefix = "arXiv",
   eprint = {1109.0007},
 primaryClass = "astro-ph.CO",
 keywords = {galaxies: abundances, galaxies: stellar content, stars: abundances, stars: fundamental parameters},
     year = 2012,
    month = mar,
   volume = 747,
      eid = {69},
    pages = {69},
      doi = {10.1088/0004-637X/747/1/69},
   adsurl = {http://adsabs.harvard.edu/abs/2012ApJ...747...69C},
  adsnote = {Provided by the SAO/NASA Astrophysics Data System}
}

@ARTICLE{Christensen+2012,
   author = {{Christensen}, L. and {Laursen}, P. and {Richard}, J. and {Hjorth}, J. and 
	{Milvang-Jensen}, B. and {Dessauges-Zavadsky}, M. and {Limousin}, M. and 
	{Grillo}, C. and {Ebeling}, H.},
    title = "{Gravitationally lensed galaxies at 2 $\lt$ z $\lt$ 3.5: direct abundance measurements of Ly {$\alpha$} emitters}",
  journal = {\mnras},
archivePrefix = "arXiv",
   eprint = {1209.0775},
 primaryClass = "astro-ph.CO",
 keywords = {gravitational lensing: strong, galaxies: abundances, galaxies: evolution, galaxies: high-redshift},
     year = 2012,
    month = dec,
   volume = 427,
    pages = {1973-1982},
      doi = {10.1111/j.1365-2966.2012.22007.x},
   adsurl = {http://adsabs.harvard.edu/abs/2012MNRAS.427.1973C},
  adsnote = {Provided by the SAO/NASA Astrophysics Data System}
}

@ARTICLE{Dalcanton+2012,
   author = {{Dalcanton}, J.~J. and {Williams}, B.~F. and {Melbourne}, J.~L. and 
	{Girardi}, L. and {Dolphin}, A. and {Rosenfield}, P.~A. and 
	{Boyer}, M.~L. and {de Jong}, R.~S. and {Gilbert}, K. and {Marigo}, P. and 
	{Olsen}, K. and {Seth}, A.~C. and {Skillman}, E.},
    title = "{Resolved Near-infrared Stellar Populations in Nearby Galaxies}",
  journal = {\apjs},
archivePrefix = "arXiv",
   eprint = {1109.6893},
 primaryClass = "astro-ph.CO",
 keywords = {galaxies: abundances, galaxies: distances and redshifts, galaxies: dwarf, galaxies: irregular, galaxies: stellar content, infrared: stars, stars: AGB and post-AGB, stars: carbon},
     year = 2012,
    month = jan,
   volume = 198,
      eid = {6},
    pages = {6},
      doi = {10.1088/0067-0049/198/1/6},
   adsurl = {http://adsabs.harvard.edu/abs/2012ApJS..198....6D},
  adsnote = {Provided by the SAO/NASA Astrophysics Data System}
}

@ARTICLE{Ekstrom+2012,
   author = {{Ekstr{\"o}m}, S. and {Georgy}, C. and {Eggenberger}, P. and 
	{Meynet}, G. and {Mowlavi}, N. and {Wyttenbach}, A. and {Granada}, A. and 
	{Decressin}, T. and {Hirschi}, R. and {Frischknecht}, U. and 
	{Charbonnel}, C. and {Maeder}, A.},
    title = "{Grids of stellar models with rotation. I. Models from 0.8 to 120 M$_{⊙}$ at solar metallicity (Z = 0.014)}",
  journal = {\aap},
archivePrefix = "arXiv",
   eprint = {1110.5049},
 primaryClass = "astro-ph.SR",
 keywords = {stars: general, stars: evolution, stars: massive, stars: low-mass, stars: rotation},
     year = 2012,
    month = jan,
   volume = 537,
      eid = {A146},
    pages = {A146},
      doi = {10.1051/0004-6361/201117751},
   adsurl = {http://adsabs.harvard.edu/abs/2012A%26A...537A.146E},
  adsnote = {Provided by the SAO/NASA Astrophysics Data System}
}


@ARTICLE{Leitherer+2011,
   author = {{Leitherer}, C. and {Tremonti}, C.~A. and {Heckman}, T.~M. and 
	{Calzetti}, D.},
    title = "{An Ultraviolet Spectroscopic Atlas of Local Starbursts and Star-forming Galaxies: The Legacy of FOS and GHRS}",
  journal = {\aj},
archivePrefix = "arXiv",
   eprint = {1011.0385},
 keywords = {atlases, galaxies: high-redshift, galaxies: starburst, galaxies: stellar content, line: profiles, ultraviolet: galaxies},
     year = 2011,
    month = feb,
   volume = 141,
      eid = {37},
    pages = {37},
      doi = {10.1088/0004-6256/141/2/37},
   adsurl = {http://adsabs.harvard.edu/abs/2011AJ....141...37L},
  adsnote = {Provided by the SAO/NASA Astrophysics Data System}
}

@ARTICLE{Walcher+2011,
   author = {{Walcher}, J. and {Groves}, B. and {Budav{\'a}ri}, T. and {Dale}, D.
	},
    title = "{Fitting the integrated spectral energy distributions of galaxies}",
  journal = {\apss},
archivePrefix = "arXiv",
   eprint = {1008.0395},
 keywords = {Methods: data analysis, Radiation mechanisms: general, Techniques: photometric, Techniques: spectroscopic, Galaxies: ISM, Galaxies: stellar content},
     year = 2011,
    month = jan,
   volume = 331,
    pages = {1-52},
      doi = {10.1007/s10509-010-0458-z},
   adsurl = {http://adsabs.harvard.edu/abs/2011Ap%26SS.331....1W},
  adsnote = {Provided by the SAO/NASA Astrophysics Data System}
}

@ARTICLE{Weisz+2011,
   author = {{Weisz}, D.~R. and {Dalcanton}, J.~J. and {Williams}, B.~F. and 
	{Gilbert}, K.~M. and {Skillman}, E.~D. and {Seth}, A.~C. and 
	{Dolphin}, A.~E. and {McQuinn}, K.~B.~W. and {Gogarten}, S.~M. and 
	{Holtzman}, J. and {Rosema}, K. and {Cole}, A. and {Karachentsev}, I.~D. and 
	{Zaritsky}, D.},
    title = "{The ACS Nearby Galaxy Survey Treasury. VIII. The Global Star Formation Histories of 60 Dwarf Galaxies in the Local Volume}",
  journal = {\apj},
archivePrefix = "arXiv",
   eprint = {1101.1093},
 keywords = {galaxies: dwarf, galaxies: evolution, galaxies: star formation, galaxies: stellar content, Hertzsprung-Russell and C-M diagrams},
     year = 2011,
    month = sep,
   volume = 739,
      eid = {5},
    pages = {5},
      doi = {10.1088/0004-637X/739/1/5},
   adsurl = {http://adsabs.harvard.edu/abs/2011ApJ...739....5W},
  adsnote = {Provided by the SAO/NASA Astrophysics Data System}
}

@ARTICLE{Paxton+2011,
   author = {{Paxton}, B. and {Bildsten}, L. and {Dotter}, A. and {Herwig}, F. and 
	{Lesaffre}, P. and {Timmes}, F.},
    title = "{Modules for Experiments in Stellar Astrophysics (MESA)}",
  journal = {\apjs},
archivePrefix = "arXiv",
   eprint = {1009.1622},
 primaryClass = "astro-ph.SR",
 keywords = {methods: numerical, stars: evolution, stars: general},
     year = 2011,
    month = jan,
   volume = 192,
      eid = {3},
    pages = {3},
      doi = {10.1088/0067-0049/192/1/3},
   adsurl = {http://adsabs.harvard.edu/abs/2011ApJS..192....3P},
  adsnote = {Provided by the SAO/NASA Astrophysics Data System}
}

@ARTICLE{Grevesse+2010,
   author = {{Grevesse}, N. and {Asplund}, M. and {Sauval}, A.~J. and {Scott}, P.
	},
    title = "{The chemical composition of the Sun}",
  journal = {\apss},
 keywords = {Solar abundances},
     year = 2010,
    month = jul,
   volume = 328,
    pages = {179-183},
      doi = {10.1007/s10509-010-0288-z},
   adsurl = {http://adsabs.harvard.edu/abs/2010Ap%26SS.328..179G},
  adsnote = {Provided by the SAO/NASA Astrophysics Data System}
}

@ARTICLE{Huang+2010,
   author = {{Huang}, W. and {Gies}, D.~R. and {McSwain}, M.~V.},
    title = "{A Stellar Rotation Census of B Stars: From ZAMS to TAMS}",
  journal = {\apj},
archivePrefix = "arXiv",
   eprint = {1008.1761},
 primaryClass = "astro-ph.SR",
 keywords = {line: profiles, open clusters and associations: individual: IC 4996 NGC 581 NGC 869 NGC 884 NGC 1893 NGC 1960, stars: early-type, stars: fundamental parameters, stars: rotation},
     year = 2010,
    month = oct,
   volume = 722,
    pages = {605-619},
      doi = {10.1088/0004-637X/722/1/605},
   adsurl = {http://adsabs.harvard.edu/abs/2010ApJ...722..605H},
  adsnote = {Provided by the SAO/NASA Astrophysics Data System}
}

@ARTICLE{McQuinn+2010,
   author = {{McQuinn}, K.~B.~W. and {Skillman}, E.~D. and {Cannon}, J.~M. and 
	{Dalcanton}, J. and {Dolphin}, A. and {Hidalgo-Rodr{\'{\i}}guez}, S. and 
	{Holtzman}, J. and {Stark}, D. and {Weisz}, D. and {Williams}, B.
	},
    title = "{The Nature of Starbursts. I. The Star Formation Histories of Eighteen Nearby Starburst Dwarf Galaxies}",
  journal = {\apj},
archivePrefix = "arXiv",
   eprint = {1008.1589},
 primaryClass = "astro-ph.CO",
 keywords = {galaxies: dwarf, galaxies: evolution, galaxies: individual: Antlia ESO154-023 SBS1415+437 UGC 4483 UGC 9128 NGC 625 NGC 784 NGC 1569 NGC 2366 NGC 4068 NGC 4163 NGC 4214 NGC 4449 NGC 5253 NGC 6456 NGC 6789 NGC 6822 IC 4662, galaxies: starburst},
     year = 2010,
    month = sep,
   volume = 721,
    pages = {297-317},
      doi = {10.1088/0004-637X/721/1/297},
   adsurl = {http://adsabs.harvard.edu/abs/2010ApJ...721..297M},
  adsnote = {Provided by the SAO/NASA Astrophysics Data System}
}
@ARTICLE{Leitherer+2010L,
   author = {{Leitherer}, C. and {Ortiz Ot{\'a}lvaro}, P.~A. and {Bresolin}, F. and 
	{Kudritzki}, R.-P. and {Lo Faro}, B. and {Pauldrach}, A.~W.~A. and 
	{Pettini}, M. and {Rix}, S.~A.},
    title = "{A Library of Theoretical Ultraviolet Spectra of Massive, Hot Stars for Evolutionary Synthesis}",
  journal = {\apjs},
archivePrefix = "arXiv",
   eprint = {1006.5624},
 primaryClass = "astro-ph.SR",
 keywords = {galaxies: abundances, galaxies: high-redshift, galaxies: stellar content, hydrodynamics, line: profiles, stars: early-type, stars: mass-loss, ultraviolet: stars},
     year = 2010,
    month = aug,
   volume = 189,
    pages = {309-335},
      doi = {10.1088/0067-0049/189/2/309},
   adsurl = {http://adsabs.harvard.edu/abs/2010ApJS..189..309L},
  adsnote = {Provided by the SAO/NASA Astrophysics Data System}
}

@ARTICLE{Erb+2010,
   author = {{Erb}, D.~K. and {Pettini}, M. and {Shapley}, A.~E. and {Steidel}, C.~C. and 
	{Law}, D.~R. and {Reddy}, N.~A.},
    title = "{Physical Conditions in a Young, Unreddened, Low-metallicity Galaxy at High Redshift}",
  journal = {\apj},
archivePrefix = "arXiv",
   eprint = {1006.5456},
 keywords = {galaxies: abundances, galaxies: evolution, galaxies: high-redshift},
     year = 2010,
    month = aug,
   volume = 719,
    pages = {1168-1190},
      doi = {10.1088/0004-637X/719/2/1168},
   adsurl = {http://adsabs.harvard.edu/abs/2010ApJ...719.1168E},
  adsnote = {Provided by the SAO/NASA Astrophysics Data System}
}

@ARTICLE{Reines+2010,
   author = {{Reines}, A.~E. and {Nidever}, D.~L. and {Whelan}, D.~G. and 
	{Johnson}, K.~E.},
    title = "{The Importance of Nebular Continuum and Line Emission in Observations of Young Massive Star Clusters}",
  journal = {\apj},
archivePrefix = "arXiv",
   eprint = {0911.0447},
 keywords = {galaxies: individual: NGC 4449, galaxies: starburst, galaxies: star clusters, H II regions, ISM: lines and bands},
     year = 2010,
    month = jan,
   volume = 708,
    pages = {26-37},
      doi = {10.1088/0004-637X/708/1/26},
   adsurl = {http://adsabs.harvard.edu/abs/2010ApJ...708...26R},
  adsnote = {Provided by the SAO/NASA Astrophysics Data System}
}

@ARTICLE{Asplund+2009,
   author = {{Asplund}, M. and {Grevesse}, N. and {Sauval}, A.~J. and {Scott}, P.
	},
    title = "{The Chemical Composition of the Sun}",
  journal = {\araa},
archivePrefix = "arXiv",
   eprint = {0909.0948},
 primaryClass = "astro-ph.SR",
     year = 2009,
    month = sep,
   volume = 47,
    pages = {481-522},
      doi = {10.1146/annurev.astro.46.060407.145222},
   adsurl = {http://adsabs.harvard.edu/abs/2009ARA%26A..47..481A},
  adsnote = {Provided by the SAO/NASA Astrophysics Data System}
}

@ARTICLE{Lee+2009,
   author = {{Lee}, H.-c. and {Worthey}, G. and {Dotter}, A. and {Chaboyer}, B. and 
	{Jevremovi{\'c}}, D. and {Baron}, E. and {Briley}, M.~M. and 
	{Ferguson}, J.~W. and {Coelho}, P. and {Trager}, S.~C.},
    title = "{Stellar Population Models and Individual Element Abundances. II. Stellar Spectra and Integrated Light Models}",
  journal = {\apj},
archivePrefix = "arXiv",
   eprint = {0812.1563},
 keywords = {stars: abundances, stars: evolution},
     year = 2009,
    month = apr,
   volume = 694,
    pages = {902-923},
      doi = {10.1088/0004-637X/694/2/902},
   adsurl = {http://adsabs.harvard.edu/abs/2009ApJ...694..902L},
  adsnote = {Provided by the SAO/NASA Astrophysics Data System}
}

@ARTICLE{Tolstoy+2009,
   author = {{Tolstoy}, E. and {Hill}, V. and {Tosi}, M.},
    title = "{Star-Formation Histories, Abundances, and Kinematics of Dwarf Galaxies in the Local Group}",
  journal = {\araa},
archivePrefix = "arXiv",
   eprint = {0904.4505},
 primaryClass = "astro-ph.CO",
     year = 2009,
    month = sep,
   volume = 47,
    pages = {371-425},
      doi = {10.1146/annurev-astro-082708-101650},
   adsurl = {http://adsabs.harvard.edu/abs/2009ARA%26A..47..371T},
  adsnote = {Provided by the SAO/NASA Astrophysics Data System}
}

@ARTICLE{Conroy+2009,
   author = {{Conroy}, C. and {Gunn}, J.~E. and {White}, M.},
    title = "{The Propagation of Uncertainties in Stellar Population Synthesis Modeling. I. The Relevance of Uncertain Aspects of Stellar Evolution and the Initial Mass Function to the Derived Physical Properties of Galaxies}",
  journal = {\apj},
archivePrefix = "arXiv",
   eprint = {0809.4261},
 keywords = {galaxies: evolution, galaxies: stellar content, stars: evolution},
     year = 2009,
    month = jul,
   volume = 699,
    pages = {486-506},
      doi = {10.1088/0004-637X/699/1/486},
   adsurl = {http://adsabs.harvard.edu/abs/2009ApJ...699..486C},
  adsnote = {Provided by the SAO/NASA Astrophysics Data System}
}

@ARTICLE{Maraston+2009,
   author = {{Maraston}, C. and {Nieves Colmen{\'a}rez}, L. and {Bender}, R. and 
	{Thomas}, D.},
    title = "{Absorption line indices in the UV. I. Empirical and theoretical stellar population models}",
  journal = {\aap},
archivePrefix = "arXiv",
   eprint = {0811.0619},
 keywords = {galaxies: evolution, galaxies: stellar content, galaxies: star clusters, galaxies: Magellanic Clouds},
     year = 2009,
    month = jan,
   volume = 493,
    pages = {425-444},
      doi = {10.1051/0004-6361:20066907},
   adsurl = {http://adsabs.harvard.edu/abs/2009A%26A...493..425M},
  adsnote = {Provided by the SAO/NASA Astrophysics Data System}
}

@ARTICLE{Molla+2009,
   author = {{Moll{\'a}}, M. and {Garc{\'{\i}}a-Vargas}, M.~L. and {Bressan}, A.
	},
    title = "{PopStar I: evolutionary synthesis model description}",
  journal = {\mnras},
archivePrefix = "arXiv",
   eprint = {0905.3664},
 keywords = {galaxies: abundances , galaxies: evolution , galaxies: starburst , galaxies: stellar content},
     year = 2009,
    month = sep,
   volume = 398,
    pages = {451-470},
      doi = {10.1111/j.1365-2966.2009.15160.x},
   adsurl = {http://adsabs.harvard.edu/abs/2009MNRAS.398..451M},
  adsnote = {Provided by the SAO/NASA Astrophysics Data System}
}

@ARTICLE{Dalcanton+2009,
   author = {{Dalcanton}, J.~J. and {Williams}, B.~F. and {Seth}, A.~C. and 
	{Dolphin}, A. and {Holtzman}, J. and {Rosema}, K. and {Skillman}, E.~D. and 
	{Cole}, A. and {Girardi}, L. and {Gogarten}, S.~M. and {Karachentsev}, I.~D. and 
	{Olsen}, K. and {Weisz}, D. and {Christensen}, C. and {Freeman}, K. and 
	{Gilbert}, K. and {Gallart}, C. and {Harris}, J. and {Hodge}, P. and 
	{de Jong}, R.~S. and {Karachentseva}, V. and {Mateo}, M. and 
	{Stetson}, P.~B. and {Tavarez}, M. and {Zaritsky}, D. and {Governato}, F. and 
	{Quinn}, T.},
    title = "{The ACS Nearby Galaxy Survey Treasury}",
  journal = {\apjs},
archivePrefix = "arXiv",
   eprint = {0905.3737},
 primaryClass = "astro-ph.GA",
 keywords = {catalogs, galaxies: formation, galaxies: stellar content, surveys},
     year = 2009,
    month = jul,
   volume = 183,
    pages = {67-108},
      doi = {10.1088/0067-0049/183/1/67},
   adsurl = {http://adsabs.harvard.edu/abs/2009ApJS..183...67D},
  adsnote = {Provided by the SAO/NASA Astrophysics Data System}
}

@ARTICLE{Kewley+2008,
   author = {{Kewley}, L.~J. and {Ellison}, S.~L.},
    title = "{Metallicity Calibrations and the Mass-Metallicity Relation for Star-forming Galaxies}",
  journal = {\apj},
archivePrefix = "arXiv",
   eprint = {0801.1849},
 keywords = {galaxies: abundances, galaxies: fundamental parameters, galaxies: spiral, galaxies: starburst, techniques: spectroscopic},
     year = 2008,
    month = jul,
   volume = 681,
      eid = {1183-1204},
    pages = {1183-1204},
      doi = {10.1086/587500},
   adsurl = {http://adsabs.harvard.edu/abs/2008ApJ...681.1183K},
  adsnote = {Provided by the SAO/NASA Astrophysics Data System}
}

@INPROCEEDINGS{Thuan+2008,
   author = {{Thuan}, T.~X.},
    title = "{Blue Compact Dwarf Galaxies: Laboratories for probing the Primordial Universe}",
 keywords = {galaxies: dwarf, galaxies: abundances, galaxies: ISM, galaxies: star clusters, galaxies: individual (I Zw 18), galaxies: individual (SBS 0335{\ndash}052), stars: winds, stars: outflows, stars: Wolf-Rayet},
booktitle = {Low-Metallicity Star Formation: From the First Stars to Dwarf Galaxies},
     year = 2008,
   series = {IAU Symposium},
   volume = 255,
   editor = {{Hunt}, L.~K. and {Madden}, S.~C. and {Schneider}, R.},
    month = dec,
    pages = {348-360},
      doi = {10.1017/S1743921308025064},
   adsurl = {http://adsabs.harvard.edu/abs/2008IAUS..255..348T},
  adsnote = {Provided by the SAO/NASA Astrophysics Data System}
}


@ARTICLE{Dopita+2006,
   author = {{Dopita}, M.~A. and {Fischera}, J. and {Sutherland}, R.~S. and 
	{Kewley}, L.~J. and {Leitherer}, C. and {Tuffs}, R.~J. and {Popescu}, C.~C. and 
	{van Breugel}, W. and {Groves}, B.~A.},
    title = "{Modeling the Pan-Spectral Energy Distribution of Starburst Galaxies. III. Emission Line Diagnostics of Ensembles of Evolving H II Regions}",
  journal = {\apjs},
   eprint = {astro-ph/0608062},
 keywords = {Galaxies: Abundances, Galaxies: Formation, Galaxies: General, Galaxies: Starburst, ISM: Abundances, ISM: H II Regions},
     year = 2006,
    month = dec,
   volume = 167,
    pages = {177-200},
      doi = {10.1086/508261},
   adsurl = {http://adsabs.harvard.edu/abs/2006ApJS..167..177D},
  adsnote = {Provided by the SAO/NASA Astrophysics Data System}
}

@ARTICLE{Tremonti+2004,
   author = {{Tremonti}, C.~A. and {Heckman}, T.~M. and {Kauffmann}, G. and 
	{Brinchmann}, J. and {Charlot}, S. and {White}, S.~D.~M. and 
	{Seibert}, M. and {Peng}, E.~W. and {Schlegel}, D.~J. and {Uomoto}, A. and 
	{Fukugita}, M. and {Brinkmann}, J.},
    title = "{The Origin of the Mass-Metallicity Relation: Insights from 53,000 Star-forming Galaxies in the Sloan Digital Sky Survey}",
  journal = {\apj},
   eprint = {astro-ph/0405537},
 keywords = {Galaxies: Abundances, Galaxies: Evolution, Galaxies: Fundamental Parameters, Galaxies: Statistics},
     year = 2004,
    month = oct,
   volume = 613,
    pages = {898-913},
      doi = {10.1086/423264},
   adsurl = {http://adsabs.harvard.edu/abs/2004ApJ...613..898T},
  adsnote = {Provided by the SAO/NASA Astrophysics Data System}
}

@ARTICLE{Groves+2004,
   author = {{Groves}, B.~A. and {Dopita}, M.~A. and {Sutherland}, R.~S.},
    title = "{Dusty, Radiation Pressure-Dominated Photoionization. I. Model Description, Structure, and Grids}",
  journal = {\apjs},
   eprint = {astro-ph/0404175},
 keywords = {Galaxies: Active, Galaxies: Seyfert, ISM: General, Line: Formation},
     year = 2004,
    month = jul,
   volume = 153,
    pages = {9-73},
      doi = {10.1086/421113},
   adsurl = {http://adsabs.harvard.edu/abs/2004ApJS..153....9G},
  adsnote = {Provided by the SAO/NASA Astrophysics Data System}
}

@ARTICLE{Rix+2004,
   author = {{Rix}, S.~A. and {Pettini}, M. and {Leitherer}, C. and {Bresolin}, F. and 
	{Kudritzki}, R.-P. and {Steidel}, C.~C.},
    title = "{Spectral Modeling of Star-forming Regions in the Ultraviolet: Stellar Metallicity Diagnostics for High-Redshift Galaxies}",
  journal = {\apj},
   eprint = {astro-ph/0407296},
 keywords = {Cosmology: Observations, Galaxies: Abundances, Galaxies: Evolution, Galaxies: High-Redshift, Galaxies: Starburst, Stars: Early-Type},
     year = 2004,
    month = nov,
   volume = 615,
    pages = {98-117},
      doi = {10.1086/424031},
   adsurl = {http://adsabs.harvard.edu/abs/2004ApJ...615...98R},
  adsnote = {Provided by the SAO/NASA Astrophysics Data System}
}

@ARTICLE{Brinchmann+2004,
   author = {{Brinchmann}, J. and {Charlot}, S. and {White}, S.~D.~M. and 
	{Tremonti}, C. and {Kauffmann}, G. and {Heckman}, T. and {Brinkmann}, J.
	},
    title = "{The physical properties of star-forming galaxies in the low-redshift Universe}",
  journal = {\mnras},
   eprint = {astro-ph/0311060},
 keywords = {surveys, galaxies: abundances, galaxies: evolution, galaxies: fundamental parameters, galaxies: general},
     year = 2004,
    month = jul,
   volume = 351,
    pages = {1151-1179},
      doi = {10.1111/j.1365-2966.2004.07881.x},
   adsurl = {http://adsabs.harvard.edu/abs/2004MNRAS.351.1151B},
  adsnote = {Provided by the SAO/NASA Astrophysics Data System}
}

@ARTICLE{Pettini+2004,
   author = {{Pettini}, M. and {Pagel}, B.~E.~J.},
    title = "{[OIII]/[NII] as an abundance indicator at high redshift}",
  journal = {\mnras},
   eprint = {astro-ph/0401128},
 keywords = {ISM: abundances, HII regions, galaxies: abundances},
     year = 2004,
    month = mar,
   volume = 348,
    pages = {L59-L63},
      doi = {10.1111/j.1365-2966.2004.07591.x},
   adsurl = {http://adsabs.harvard.edu/abs/2004MNRAS.348L..59P},
  adsnote = {Provided by the SAO/NASA Astrophysics Data System}
}

@ARTICLE{Shapley+2003,
   author = {{Shapley}, A.~E. and {Steidel}, C.~C. and {Pettini}, M. and 
	{Adelberger}, K.~L.},
    title = "{Rest-Frame Ultraviolet Spectra of z\~{}3 Lyman Break Galaxies}",
  journal = {\apj},
   eprint = {astro-ph/0301230},
 keywords = {Cosmology: Observations, Galaxies: Evolution, Galaxies: High-Redshift, Galaxies: Starburst},
     year = 2003,
    month = may,
   volume = 588,
    pages = {65-89},
      doi = {10.1086/373922},
   adsurl = {http://adsabs.harvard.edu/abs/2003ApJ...588...65S},
  adsnote = {Provided by the SAO/NASA Astrophysics Data System}
}


@ARTICLE{Anders+2003,
   author = {{Anders}, P. and {Fritze-v.~Alvensleben}, U.},
    title = "{Spectral and photometric evolution of young stellar populations: The impact of gaseous emission at various metallicities}",
  journal = {\aap},
   eprint = {astro-ph/0302146},
 keywords = {globular clusters: general, open clusters and associations: general, galaxies: star clusters, galaxies: evolution},
     year = 2003,
    month = apr,
   volume = 401,
    pages = {1063-1070},
      doi = {10.1051/0004-6361:20030151},
   adsurl = {http://adsabs.harvard.edu/abs/2003A%26A...401.1063A},
  adsnote = {Provided by the SAO/NASA Astrophysics Data System}
}

@ARTICLE{Dolphin+2002,
   author = {{Dolphin}, A.~E.},
    title = "{Numerical methods of star formation history measurement and applications to seven dwarf spheroidals}",
  journal = {\mnras},
   eprint = {astro-ph/0112331},
 keywords = {methods: numerical, methods: statistical, Local Group, galaxies: stellar content},
     year = 2002,
    month = may,
   volume = 332,
    pages = {91-108},
      doi = {10.1046/j.1365-8711.2002.05271.x},
   adsurl = {http://adsabs.harvard.edu/abs/2002MNRAS.332...91D},
  adsnote = {Provided by the SAO/NASA Astrophysics Data System}
}

@ARTICLE{Kewley+2002,
   author = {{Kewley}, L.~J. and {Dopita}, M.~A.},
    title = "{Using Strong Lines to Estimate Abundances in Extragalactic H II Regions and Starburst Galaxies}",
  journal = {\apjs},
   eprint = {astro-ph/0206495},
 keywords = {Galaxies: Abundances, Galaxies: Evolution, Galaxies: Starburst, ISM: Abundances},
     year = 2002,
    month = sep,
   volume = 142,
    pages = {35-52},
      doi = {10.1086/341326},
   adsurl = {http://adsabs.harvard.edu/abs/2002ApJS..142...35K},
  adsnote = {Provided by the SAO/NASA Astrophysics Data System}
}

@ARTICLE{Contini+2002,
   author = {{Contini}, T. and {Treyer}, M.~A. and {Sullivan}, M. and {Ellis}, R.~S.
	},
    title = "{Chemical abundances in a UV-selected sample of galaxies}",
  journal = {\mnras},
   eprint = {astro-ph/0109395},
 keywords = {GALAXIES: ABUNDANCES, GALAXIES: EVOLUTION, GALAXIES: STARBURST, ULTRAVIOLET: GALAXIES},
     year = 2002,
    month = feb,
   volume = 330,
    pages = {75-91},
      doi = {10.1046/j.1365-8711.2002.05042.x},
   adsurl = {http://adsabs.harvard.edu/abs/2002MNRAS.330...75C},
  adsnote = {Provided by the SAO/NASA Astrophysics Data System}
}

@ARTICLE{Kroupa+2002,
   author = {{Kroupa}, P.},
    title = "{The Initial Mass Function of Stars: Evidence for Uniformity in Variable Systems}",
  journal = {Science},
   eprint = {astro-ph/0201098},
     year = 2002,
    month = jan,
   volume = 295,
    pages = {82-91},
      doi = {10.1126/science.1067524},
   adsurl = {http://adsabs.harvard.edu/abs/2002Sci...295...82K},
  adsnote = {Provided by the SAO/NASA Astrophysics Data System}
}

@ARTICLE{Smith+2002,
   author = {{Smith}, L.~J. and {Norris}, R.~P.~F. and {Crowther}, P.~A.},
    title = "{Realistic ionizing fluxes for young stellar populations from 0.05 to 2 Z$_{solar}$}",
  journal = {\mnras},
   eprint = {astro-ph/0207554},
 keywords = {stars: atmospheres, stars: mass-loss, stars: Wolf-Rayet, HII regions, galaxies: starburst, galaxies: stellar content},
     year = 2002,
    month = dec,
   volume = 337,
    pages = {1309-1328},
      doi = {10.1046/j.1365-8711.2002.06042.x},
   adsurl = {http://adsabs.harvard.edu/abs/2002MNRAS.337.1309S},
  adsnote = {Provided by the SAO/NASA Astrophysics Data System}
}

@ARTICLE{Pauldrach+2001,
   author = {{Pauldrach}, A.~W.~A. and {Hoffmann}, T.~L. and {Lennon}, M.
	},
    title = "{Radiation-driven winds of hot luminous stars. XIII. A description of NLTE line blocking and blanketing towards realistic models for expanding atmospheres}",
  journal = {\aap},
 keywords = {LINE: FORMATION, STARS: ATMOSPHERES, STARS: EARLY TYPE, STARS: MASS-LOSS, STARS: INDIVIDUAL: ALPHA CAM, X-RAYS: STARS},
     year = 2001,
    month = aug,
   volume = 375,
    pages = {161-195},
      doi = {10.1051/0004-6361:20010805},
   adsurl = {http://adsabs.harvard.edu/abs/2001A%26A...375..161P},
  adsnote = {Provided by the SAO/NASA Astrophysics Data System}
}

@INPROCEEDINGS{Hillier+2001,
   author = {{Hillier}, D.~J. and {Lanz}, T.},
    title = "{CMFGEN: A non-LTE Line-Blanketed Radiative Transfer Code for Modeling Hot Stars with Stellar Winds}",
booktitle = {Spectroscopic Challenges of Photoionized Plasmas},
     year = 2001,
   series = {Astronomical Society of the Pacific Conference Series},
   volume = 247,
   editor = {{Ferland}, G. and {Savin}, D.~W.},
    pages = {343},
   adsurl = {http://adsabs.harvard.edu/abs/2001ASPC..247..343H},
  adsnote = {Provided by the SAO/NASA Astrophysics Data System}
}

@ARTICLE{Kroupa+2001,
   author = {{Kroupa}, P.},
    title = "{On the variation of the initial mass function}",
  journal = {\mnras},
   eprint = {astro-ph/0009005},
 keywords = {BINARIES: GENERAL, STARS: FORMATION, STARS: KINEMATICS, STARS: LUMINOSITY FUNCTION, MASS FUNCTION, GLOBULAR CLUSTERS: GENERAL, OPEN CLUSTERS AND ASSOCIATIONS: GENERAL},
     year = 2001,
    month = apr,
   volume = 322,
    pages = {231-246},
      doi = {10.1046/j.1365-8711.2001.04022.x},
   adsurl = {http://adsabs.harvard.edu/abs/2001MNRAS.322..231K},
  adsnote = {Provided by the SAO/NASA Astrophysics Data System}
}


@ARTICLE{Kewley+2001,
   author = {{Kewley}, L.~J. and {Dopita}, M.~A. and {Sutherland}, R.~S. and 
	{Heisler}, C.~A. and {Trevena}, J.},
    title = "{Theoretical Modeling of Starburst Galaxies}",
  journal = {\apj},
   eprint = {astro-ph/0106324},
 keywords = {Galaxies: Starburst, Radiation Mechanisms: Thermal},
     year = 2001,
    month = jul,
   volume = 556,
    pages = {121-140},
      doi = {10.1086/321545},
   adsurl = {http://adsabs.harvard.edu/abs/2001ApJ...556..121K},
  adsnote = {Provided by the SAO/NASA Astrophysics Data System}
}

@ARTICLE{CL+2001,
   author = {{Charlot}, S. and {Longhetti}, M.},
    title = "{Nebular emission from star-forming galaxies}",
  journal = {\mnras},
   eprint = {astro-ph/0101097},
 keywords = {GALAXIES: GENERAL, GALAXIES: ISM, GALAXIES: STELLAR CONTENT},
     year = 2001,
    month = may,
   volume = 323,
    pages = {887-903},
      doi = {10.1046/j.1365-8711.2001.04260.x},
   adsurl = {http://adsabs.harvard.edu/abs/2001MNRAS.323..887C},
  adsnote = {Provided by the SAO/NASA Astrophysics Data System}
}

@ARTICLE{Moy+2001,
   author = {{Moy}, E. and {Rocca-Volmerange}, B. and {Fioc}, M.},
    title = "{Evolution of photoionization and star formation in starbursts and $\backslash$ion HII galaxies}",
  journal = {\aap},
   eprint = {astro-ph/0102196},
 keywords = {GALAXIES: STARBURST, GALAXIES: EVOLUTION, GALAXIES: STELLAR CONTENT, ISM: ION $\{$H$\}$$\{$II$\}$ REGIONS},
     year = 2001,
    month = jan,
   volume = 365,
    pages = {347-359},
      doi = {10.1051/0004-6361:20000045},
   adsurl = {http://adsabs.harvard.edu/abs/2001A%26A...365..347M},
  adsnote = {Provided by the SAO/NASA Astrophysics Data System}
}

@ARTICLE{Vink+2001,
   author = {{Vink}, J.~S. and {de Koter}, A. and {Lamers}, H.~J.~G.~L.~M.
	},
    title = "{Mass-loss predictions for O and B stars as a function of metallicity}",
  journal = {\aap},
   eprint = {astro-ph/0101509},
 keywords = {STARS: EARLY-TYPE, STARS: MASS-LOSS, STARS: SUPERGIANTS, STARS: WINDS, STARS: EVOLUTION},
     year = 2001,
    month = apr,
   volume = 369,
    pages = {574-588},
      doi = {10.1051/0004-6361:20010127},
   adsurl = {http://adsabs.harvard.edu/abs/2001A%26A...369..574V},
  adsnote = {Provided by the SAO/NASA Astrophysics Data System}
}

@ARTICLE{Nugis+2000,
   author = {{Nugis}, T. and {Lamers}, H.~J.~G.~L.~M.},
    title = "{Mass-loss rates of Wolf-Rayet stars as a function of stellar parameters}",
  journal = {\aap},
 keywords = {STARS: ATMOSPHERES, STARS: MASS-LOSS, STARS: EMISSION-LINE, BE, STARS: EVOLUTION, STARS: WOLF-RAYET},
     year = 2000,
    month = aug,
   volume = 360,
    pages = {227-244},
   adsurl = {http://adsabs.harvard.edu/abs/2000A%26A...360..227N},
  adsnote = {Provided by the SAO/NASA Astrophysics Data System}
}

@ARTICLE{Vink+2000,
   author = {{Vink}, J.~S. and {de Koter}, A. and {Lamers}, H.~J.~G.~L.~M.
	},
    title = "{New theoretical mass-loss rates of O and B stars}",
  journal = {\aap},
   eprint = {astro-ph/0008183},
 keywords = {STARS: EARLY-TYPE, STARS: MASS-LOSS, STARS: SUPERGIANTS, STARS: WINDS, OUTFLOWS, STARS: EVOLUTION},
     year = 2000,
    month = oct,
   volume = 362,
    pages = {295-309},
   adsurl = {http://adsabs.harvard.edu/abs/2000A%26A...362..295V},
  adsnote = {Provided by the SAO/NASA Astrophysics Data System}
}

@ARTICLE{Dopita+2000,
   author = {{Dopita}, M.~A. and {Kewley}, L.~J. and {Heisler}, C.~A. and 
	{Sutherland}, R.~S.},
    title = "{A Theoretical Recalibration of the Extragalactic H II Region Sequence}",
  journal = {\apj},
 keywords = {Galaxies: Abundances, Galaxies: Evolution, ISM: H II Regions, ISM: Abundances},
     year = 2000,
    month = oct,
   volume = 542,
    pages = {224-234},
      doi = {10.1086/309538},
   adsurl = {http://adsabs.harvard.edu/abs/2000ApJ...542..224D},
  adsnote = {Provided by the SAO/NASA Astrophysics Data System}
}

@ARTICLE{Fabbian+2009,
   author = {{Fabbian}, D. and {Nissen}, P.~E. and {Asplund}, M. and {Pettini}, M. and 
	{Akerman}, C.},
    title = "{The C/O ratio at low metallicity: constraints on early chemical evolution from observations of Galactic halo stars}",
  journal = {\aap},
archivePrefix = "arXiv",
   eprint = {0810.0281},
 keywords = {stars: abundances, stars: late-type, Galaxy: abundances, Galaxy: evolution},
     year = 2009,
    month = jun,
   volume = 500,
    pages = {1143-1155},
      doi = {10.1051/0004-6361/200810095},
   adsurl = {http://adsabs.harvard.edu/abs/2009A%26A...500.1143F},
  adsnote = {Provided by the SAO/NASA Astrophysics Data System}
}

@ARTICLE{Fioc+1999,
   author = {{Fioc}, M. and {Rocca-Volmerange}, B.},
    title = "{PEGASE.2, a metallicity-consistent spectral evolution model of galaxies: the documentation and the code}",
  journal = {ArXiv Astrophysics e-prints},
   eprint = {astro-ph/9912179},
 keywords = {Astrophysics},
     year = 1999,
    month = dec,
   adsurl = {http://adsabs.harvard.edu/abs/1999astro.ph.12179F},
  adsnote = {Provided by the SAO/NASA Astrophysics Data System}
}

@ARTICLE{Gustafsson+1999,
   author = {{Gustafsson}, B. and {Karlsson}, T. and {Olsson}, E. and {Edvardsson}, B. and 
	{Ryde}, N.},
    title = "{The origin of carbon, investigated by spectral analysis of solar-type stars in the Galactic Disk}",
  journal = {\aap},
   eprint = {astro-ph/9811303},
 keywords = {GALAXIES: EVOLUTION, GALAXY: ABUNDANCES, STARS: ABUNDANCES, NUCLEAR REACTIONS, NUCLEOSYNTHESIS, ABUNDANCES},
     year = 1999,
    month = feb,
   volume = 342,
    pages = {426-439},
   adsurl = {http://adsabs.harvard.edu/abs/1999A%26A...342..426G},
  adsnote = {Provided by the SAO/NASA Astrophysics Data System}
}


@ARTICLE{Leitherer+1999,
   author = {{Leitherer}, C. and {Schaerer}, D. and {Goldader}, J.~D. and 
	{Delgado}, R.~M.~G. and {Robert}, C. and {Kune}, D.~F. and {de Mello}, D.~F. and 
	{Devost}, D. and {Heckman}, T.~M.},
    title = "{Starburst99: Synthesis Models for Galaxies with Active Star Formation}",
  journal = {\apjs},
   eprint = {astro-ph/9902334},
 keywords = {GALAXIES: EVOLUTION, GALAXIES: FUNDAMENTAL PARAMETERS, GALAXIES: STARBURST, GALAXIES: STELLAR CONTENT, METHODS: NUMERICAL, Galaxies: Evolution, Galaxies: Fundamental Parameters, Galaxies: Starburst, Galaxies: Stellar Content, Methods: Numerical},
     year = 1999,
    month = jul,
   volume = 123,
    pages = {3-40},
      doi = {10.1086/313233},
   adsurl = {http://adsabs.harvard.edu/abs/1999ApJS..123....3L},
  adsnote = {Provided by the SAO/NASA Astrophysics Data System}
}

@ARTICLE{Langer+1998,
   author = {{Langer}, N.},
    title = "{Coupled mass and angular momentum loss of massive main sequence stars}",
  journal = {\aap},
 keywords = {STARS: ROTATION, STARS: INTERIORS, STARS: EARLY-TYPE, STARS: EVOLUTION, STARS: MASS LOSS},
     year = 1998,
    month = jan,
   volume = 329,
    pages = {551-558},
   adsurl = {http://adsabs.harvard.edu/abs/1998A%26A...329..551L},
  adsnote = {Provided by the SAO/NASA Astrophysics Data System}
}

@ARTICLE{Heckman+1998,
   author = {{Heckman}, T.~M. and {Robert}, C. and {Leitherer}, C. and {Garnett}, D.~R. and 
	{van der Rydt}, F.},
    title = "{The Ultraviolet Spectroscopic Properties of Local Starbursts: Implications at High Redshift}",
  journal = {\apj},
   eprint = {astro-ph/9803185},
 keywords = {GALAXIES: ABUNDANCES, GALAXIES: EVOLUTION, GALAXIES: FUNDAMENTAL PARAMETERS, GALAXIES: STARBURST, ULTRAVIOLET: GALAXIES, Galaxies: Abundances, Galaxies: Evolution, Galaxies: Fundamental Parameters, Galaxies: Starburst, Ultraviolet: Galaxies},
     year = 1998,
    month = aug,
   volume = 503,
    pages = {646-661},
      doi = {10.1086/306035},
   adsurl = {http://adsabs.harvard.edu/abs/1998ApJ...503..646H},
  adsnote = {Provided by the SAO/NASA Astrophysics Data System}
}

@ARTICLE{vanZee+1998,
   author = {{van Zee}, L. and {Salzer}, J.~J. and {Haynes}, M.~P.},
    title = "{Abundances in Spiral Galaxies: Evidence for Primary Nitrogen Production}",
  journal = {\apjl},
   eprint = {astro-ph/9802147},
 keywords = {GALAXIES: ABUNDANCES, GALAXIES: ISM, GALAXIES: SPIRAL, Galaxies: Abundances, Galaxies: ISM, Galaxies: Spiral},
     year = 1998,
    month = apr,
   volume = 497,
    pages = {L1-L4},
      doi = {10.1086/311263},
   adsurl = {http://adsabs.harvard.edu/abs/1998ApJ...497L...1V},
  adsnote = {Provided by the SAO/NASA Astrophysics Data System}
}

@ARTICLE{Spinoglio+1992,
   author = {{Spinoglio}, L. and {Malkan}, M.~A.},
    title = "{Infrared line diagnostics of active galactic nuclei}",
  journal = {\apj},
 keywords = {Active Galactic Nuclei, Emission Spectra, Infrared Stars, Line Spectra, Seyfert Galaxies, Photoionization, Spectral Line Width, Star Formation},
     year = 1992,
    month = nov,
   volume = 399,
    pages = {504-520},
      doi = {10.1086/171943},
   adsurl = {http://adsabs.harvard.edu/abs/1992ApJ...399..504S},
  adsnote = {Provided by the SAO/NASA Astrophysics Data System}
}

@ARTICLE{McGaugh+1991,
   author = {{McGaugh}, S.~S.},
    title = "{H II region abundances - Model oxygen line ratios}",
  journal = {\apj},
 keywords = {Abundance, H Ii Regions, Line Spectra, Oxygen Spectra, Forbidden Bands, Star Clusters, Stellar Spectra},
     year = 1991,
    month = oct,
   volume = 380,
    pages = {140-150},
      doi = {10.1086/170569},
   adsurl = {http://adsabs.harvard.edu/abs/1991ApJ...380..140M},
  adsnote = {Provided by the SAO/NASA Astrophysics Data System}
}

@ARTICLE{Garnett+1990,
   author = {{Garnett}, D.~R.},
    title = "{Nitrogen in irregular galaxies}",
  journal = {\apj},
 keywords = {Dwarf Galaxies, H Ii Regions, Irregular Galaxies, Nitrogen, Abundance, Astronomical Models, Emission Spectra, Interstellar Extinction, Star Clusters, Star Formation},
     year = 1990,
    month = nov,
   volume = 363,
    pages = {142-153},
      doi = {10.1086/169324},
   adsurl = {http://adsabs.harvard.edu/abs/1990ApJ...363..142G},
  adsnote = {Provided by the SAO/NASA Astrophysics Data System}
}

@ARTICLE{deJager+1988,
   author = {{de Jager}, C. and {Nieuwenhuijzen}, H. and {van der Hucht}, K.~A.
	},
    title = "{Mass loss rates in the Hertzsprung-Russell diagram}",
  journal = {\aaps},
 keywords = {Hertzsprung-Russell Diagram, O Stars, Planetary Nebulae, Stellar Luminosity, Stellar Mass Ejection, Wolf-Rayet Stars, B Stars, Carbon Stars, Computational Astrophysics, High Temperature, Hot Stars, Stellar Mass},
     year = 1988,
    month = feb,
   volume = 72,
    pages = {259-289},
   adsurl = {http://adsabs.harvard.edu/abs/1988A%26AS...72..259D},
  adsnote = {Provided by the SAO/NASA Astrophysics Data System}
}

@ARTICLE{Ferland+1986,
   author = {{Ferland}, G.~J.},
    title = "{On photoproduction of ultraviolet emission lines}",
  journal = {\pasp},
 keywords = {Emission Spectra, Line Spectra, Nebulae, Photoionization, Ultraviolet Astronomy, Atomic Excitations, Ground State, H Ii Regions, Ionization Frequencies},
     year = 1986,
    month = jun,
   volume = 98,
    pages = {549-551},
      doi = {10.1086/131792},
   adsurl = {http://adsabs.harvard.edu/abs/1986PASP...98..549F},
  adsnote = {Provided by the SAO/NASA Astrophysics Data System}
}

@ARTICLE{Pagel+1979,
   author = {{Pagel}, B.~E.~J. and {Edmunds}, M.~G. and {Blackwell}, D.~E. and 
	{Chun}, M.~S. and {Smith}, G.},
    title = "{On the composition of H II regions in southern galaxies. I - NGC 300 and 1365}",
  journal = {\mnras},
 keywords = {Emission Spectra, H Ii Regions, H Lines, Interstellar Gas, Spectrum Analysis, Spiral Galaxies, Abundance, Astronomical Catalogs, Data Reduction, Electron Energy, Hydrogen Ions, Magellanic Clouds, Nitrogen, Oxygen},
     year = 1979,
    month = oct,
   volume = 189,
    pages = {95-113},
      doi = {10.1093/mnras/189.1.95},
   adsurl = {http://adsabs.harvard.edu/abs/1979MNRAS.189...95P},
  adsnote = {Provided by the SAO/NASA Astrophysics Data System}
}

@ARTICLE{Sargent+1970,
   author = {{Sargent}, W.~L.~W. and {Searle}, L.},
    title = "{Isolated Extragalactic H II Regions}",
  journal = {\apjl},
     year = 1970,
    month = dec,
   volume = 162,
    pages = {L155},
      doi = {10.1086/180644},
   adsurl = {http://adsabs.harvard.edu/abs/1970ApJ...162L.155S},
  adsnote = {Provided by the SAO/NASA Astrophysics Data System}
}

@ARTICLE{BPT,
   author = {{Baldwin}, J.~A. and {Phillips}, M.~M. and {Terlevich}, R.},
    title = "{Classification parameters for the emission-line spectra of extragalactic objects}",
  journal = {\pasp},
 keywords = {Astronomical Spectroscopy, Emission Spectra, Line Spectra, Quasars, Seyfert Galaxies, Classifications, H Ii Regions, Photoionization, Planetary Nebulae, Shock Heating},
     year = 1981,
    month = feb,
   volume = 93,
    pages = {5-19},
      doi = {10.1086/130766},
   adsurl = {http://adsabs.harvard.edu/abs/1981PASP...93....5B},
  adsnote = {Provided by the SAO/NASA Astrophysics Data System}
}

@ARTICLE{York+2000,
   author = {{York}, D.~G. and {Adelman}, J. and {Anderson}, Jr., J.~E. and 
	{Anderson}, S.~F. and {Annis}, J. and {Bahcall}, N.~A. and {Bakken}, J.~A. and 
	{Barkhouser}, R. and {Bastian}, S. and {Berman}, E. and {Boroski}, W.~N. and 
	{Bracker}, S. and {Briegel}, C. and {Briggs}, J.~W. and {Brinkmann}, J. and 
	{Brunner}, R. and {Burles}, S. and {Carey}, L. and {Carr}, M.~A. and 
	{Castander}, F.~J. and {Chen}, B. and {Colestock}, P.~L. and 
	{Connolly}, A.~J. and {Crocker}, J.~H. and {Csabai}, I. and 
	{Czarapata}, P.~C. and {Davis}, J.~E. and {Doi}, M. and {Dombeck}, T. and 
	{Eisenstein}, D. and {Ellman}, N. and {Elms}, B.~R. and {Evans}, M.~L. and 
	{Fan}, X. and {Federwitz}, G.~R. and {Fiscelli}, L. and {Friedman}, S. and 
	{Frieman}, J.~A. and {Fukugita}, M. and {Gillespie}, B. and 
	{Gunn}, J.~E. and {Gurbani}, V.~K. and {de Haas}, E. and {Haldeman}, M. and 
	{Harris}, F.~H. and {Hayes}, J. and {Heckman}, T.~M. and {Hennessy}, G.~S. and 
	{Hindsley}, R.~B. and {Holm}, S. and {Holmgren}, D.~J. and {Huang}, C.-h. and 
	{Hull}, C. and {Husby}, D. and {Ichikawa}, S.-I. and {Ichikawa}, T. and 
	{Ivezi{\'c}}, {\v Z}. and {Kent}, S. and {Kim}, R.~S.~J. and 
	{Kinney}, E. and {Klaene}, M. and {Kleinman}, A.~N. and {Kleinman}, S. and 
	{Knapp}, G.~R. and {Korienek}, J. and {Kron}, R.~G. and {Kunszt}, P.~Z. and 
	{Lamb}, D.~Q. and {Lee}, B. and {Leger}, R.~F. and {Limmongkol}, S. and 
	{Lindenmeyer}, C. and {Long}, D.~C. and {Loomis}, C. and {Loveday}, J. and 
	{Lucinio}, R. and {Lupton}, R.~H. and {MacKinnon}, B. and {Mannery}, E.~J. and 
	{Mantsch}, P.~M. and {Margon}, B. and {McGehee}, P. and {McKay}, T.~A. and 
	{Meiksin}, A. and {Merelli}, A. and {Monet}, D.~G. and {Munn}, J.~A. and 
	{Narayanan}, V.~K. and {Nash}, T. and {Neilsen}, E. and {Neswold}, R. and 
	{Newberg}, H.~J. and {Nichol}, R.~C. and {Nicinski}, T. and 
	{Nonino}, M. and {Okada}, N. and {Okamura}, S. and {Ostriker}, J.~P. and 
	{Owen}, R. and {Pauls}, A.~G. and {Peoples}, J. and {Peterson}, R.~L. and 
	{Petravick}, D. and {Pier}, J.~R. and {Pope}, A. and {Pordes}, R. and 
	{Prosapio}, A. and {Rechenmacher}, R. and {Quinn}, T.~R. and 
	{Richards}, G.~T. and {Richmond}, M.~W. and {Rivetta}, C.~H. and 
	{Rockosi}, C.~M. and {Ruthmansdorfer}, K. and {Sandford}, D. and 
	{Schlegel}, D.~J. and {Schneider}, D.~P. and {Sekiguchi}, M. and 
	{Sergey}, G. and {Shimasaku}, K. and {Siegmund}, W.~A. and {Smee}, S. and 
	{Smith}, J.~A. and {Snedden}, S. and {Stone}, R. and {Stoughton}, C. and 
	{Strauss}, M.~A. and {Stubbs}, C. and {SubbaRao}, M. and {Szalay}, A.~S. and 
	{Szapudi}, I. and {Szokoly}, G.~P. and {Thakar}, A.~R. and {Tremonti}, C. and 
	{Tucker}, D.~L. and {Uomoto}, A. and {Vanden Berk}, D. and {Vogeley}, M.~S. and 
	{Waddell}, P. and {Wang}, S.-i. and {Watanabe}, M. and {Weinberg}, D.~H. and 
	{Yanny}, B. and {Yasuda}, N. and {SDSS Collaboration}},
    title = "{The Sloan Digital Sky Survey: Technical Summary}",
  journal = {\aj},
   eprint = {astro-ph/0006396},
 keywords = {Cosmology: Observations, Instrumentation: Miscellaneous},
     year = 2000,
    month = sep,
   volume = 120,
    pages = {1579-1587},
      doi = {10.1086/301513},
   adsurl = {http://esoads.eso.org/abs/2000AJ....120.1579Y},
  adsnote = {Provided by the SAO/NASA Astrophysics Data System}
}

@ARTICLE{Abazajian+2009,
   author = {{Abazajian}, K.~N. and {Adelman-McCarthy}, J.~K. and {Ag{\"u}eros}, M.~A. and 
	{Allam}, S.~S. and {Allende Prieto}, C. and {An}, D. and {Anderson}, K.~S.~J. and 
	{Anderson}, S.~F. and {Annis}, J. and {Bahcall}, N.~A. and et al.},
    title = "{The Seventh Data Release of the Sloan Digital Sky Survey}",
  journal = {\apjs},
archivePrefix = "arXiv",
   eprint = {0812.0649},
 keywords = {atlases, catalogs, surveys},
     year = 2009,
    month = jun,
   volume = 182,
      eid = {543-558},
    pages = {543-558},
      doi = {10.1088/0067-0049/182/2/543},
   adsurl = {http://adsabs.harvard.edu/abs/2009ApJS..182..543A},
  adsnote = {Provided by the SAO/NASA Astrophysics Data System}
}

@ARTICLE{Kauffmann+2003a,
   author = {{Kauffmann}, G. and {Heckman}, T.~M. and {White}, S.~D.~M. and 
	{Charlot}, S. and {Tremonti}, C. and {Brinchmann}, J. and {Bruzual}, G. and 
	{Peng}, E.~W. and {Seibert}, M. and {Bernardi}, M. and {Blanton}, M. and 
	{Brinkmann}, J. and {Castander}, F. and {Cs{\'a}bai}, I. and 
	{Fukugita}, M. and {Ivezic}, Z. and {Munn}, J.~A. and {Nichol}, R.~C. and 
	{Padmanabhan}, N. and {Thakar}, A.~R. and {Weinberg}, D.~H. and 
	{York}, D.},
    title = "{Stellar masses and star formation histories for 10$^{5}$ galaxies from the Sloan Digital Sky Survey}",
  journal = {\mnras},
   eprint = {astro-ph/0204055},
 keywords = {galaxies: evolution, galaxies: formation, galaxies: stellar content},
     year = 2003,
    month = may,
   volume = 341,
    pages = {33-53},
      doi = {10.1046/j.1365-8711.2003.06291.x},
   adsurl = {http://esoads.eso.org/abs/2003MNRAS.341...33K},
  adsnote = {Provided by the SAO/NASA Astrophysics Data System}
}

@ARTICLE{Kauffmann+2003b,
   author = {{Kauffmann}, G. and {Heckman}, T.~M. and {Tremonti}, C. and 
	{Brinchmann}, J. and {Charlot}, S. and {White}, S.~D.~M. and 
	{Ridgway}, S.~E. and {Brinkmann}, J. and {Fukugita}, M. and 
	{Hall}, P.~B. and {Ivezi{\'c}}, {\v Z}. and {Richards}, G.~T. and 
	{Schneider}, D.~P.},
    title = "{The host galaxies of active galactic nuclei}",
  journal = {\mnras},
   eprint = {astro-ph/0304239},
 keywords = {galaxies: active, galaxies: Seyfert, galaxies: starburst, galaxies: stellar content, galaxies: structure},
     year = 2003,
    month = dec,
   volume = 346,
    pages = {1055-1077},
      doi = {10.1111/j.1365-2966.2003.07154.x},
   adsurl = {http://esoads.eso.org/abs/2003MNRAS.346.1055K},
  adsnote = {Provided by the SAO/NASA Astrophysics Data System}
}

@ARTICLE{Salim+2007,
   author = {{Salim}, S. and {Rich}, R.~M. and {Charlot}, S. and {Brinchmann}, J. and 
	{Johnson}, B.~D. and {Schiminovich}, D. and {Seibert}, M. and 
	{Mallery}, R. and {Heckman}, T.~M. and {Forster}, K. and {Friedman}, P.~G. and 
	{Martin}, D.~C. and {Morrissey}, P. and {Neff}, S.~G. and {Small}, T. and 
	{Wyder}, T.~K. and {Bianchi}, L. and {Donas}, J. and {Lee}, Y.-W. and 
	{Madore}, B.~F. and {Milliard}, B. and {Szalay}, A.~S. and {Welsh}, B.~Y. and 
	{Yi}, S.~K.},
    title = "{UV Star Formation Rates in the Local Universe}",
  journal = {\apjs},
archivePrefix = "arXiv",
   eprint = {0704.3611},
 keywords = {Galaxies: Active, Galaxies: Evolution, Galaxies: Fundamental Parameters, Surveys, Ultraviolet: Galaxies},
     year = 2007,
    month = dec,
   volume = 173,
    pages = {267-292},
      doi = {10.1086/519218},
   adsurl = {http://esoads.eso.org/abs/2007ApJS..173..267S},
  adsnote = {Provided by the SAO/NASA Astrophysics Data System}
}

@ARTICLE{Cardelli+1989,
   author = {{Cardelli}, J.~A. and {Clayton}, G.~C. and {Mathis}, J.~S.},
    title = "{The relationship between infrared, optical, and ultraviolet extinction}",
  journal = {\apj},
 keywords = {Infrared Spectra, Interstellar Extinction, Ultraviolet Spectra, Visible Spectrum, Computational Astrophysics, Interstellar Matter, Iue},
     year = 1989,
    month = oct,
   volume = 345,
    pages = {245-256},
      doi = {10.1086/167900},
   adsurl = {http://esoads.eso.org/abs/1989ApJ...345..245C},
  adsnote = {Provided by the SAO/NASA Astrophysics Data System}
}

@ARTICLE{Astropy,
   author = {{Astropy Collaboration} and {Robitaille}, T.~P. and {Tollerud}, E.~J. and 
	{Greenfield}, P. and {Droettboom}, M. and {Bray}, E. and {Aldcroft}, T. and 
	{Davis}, M. and {Ginsburg}, A. and {Price-Whelan}, A.~M. and 
	{Kerzendorf}, W.~E. and {Conley}, A. and {Crighton}, N. and 
	{Barbary}, K. and {Muna}, D. and {Ferguson}, H. and {Grollier}, F. and 
	{Parikh}, M.~M. and {Nair}, P.~H. and {Unther}, H.~M. and {Deil}, C. and 
	{Woillez}, J. and {Conseil}, S. and {Kramer}, R. and {Turner}, J.~E.~H. and 
	{Singer}, L. and {Fox}, R. and {Weaver}, B.~A. and {Zabalza}, V. and 
	{Edwards}, Z.~I. and {Azalee Bostroem}, K. and {Burke}, D.~J. and 
	{Casey}, A.~R. and {Crawford}, S.~M. and {Dencheva}, N. and 
	{Ely}, J. and {Jenness}, T. and {Labrie}, K. and {Lim}, P.~L. and 
	{Pierfederici}, F. and {Pontzen}, A. and {Ptak}, A. and {Refsdal}, B. and 
	{Servillat}, M. and {Streicher}, O.},
    title = "{Astropy: A community Python package for astronomy}",
  journal = {\aap},
archivePrefix = "arXiv",
   eprint = {1307.6212},
 primaryClass = "astro-ph.IM",
 keywords = {methods: data analysis, methods: miscellaneous, virtual observatory tools},
     year = 2013,
    month = oct,
   volume = 558,
      eid = {A33},
    pages = {A33},
      doi = {10.1051/0004-6361/201322068},
   adsurl = {http://adsabs.harvard.edu/abs/2013A%26A...558A..33A},
  adsnote = {Provided by the SAO/NASA Astrophysics Data System}
}
%---------------------------------------------------------------------
@ARTICLE{Vidal-Garcia+2017,
   author = {{Vidal-Garc{\'{\i}}a}, A. and {Charlot}, S. and {Bruzual}, G. and 
	{Hubeny}, I.},
    title = "{Modelling ultraviolet-line diagnostics of stars, the ionized and the neutral interstellar medium in star-forming galaxies}",
  journal = {\mnras},
archivePrefix = "arXiv",
   eprint = {1705.10320},
 keywords = {galaxies: abundances, galaxies: high-redshift, galaxies: ISM, galaxies: star clusters: general, ultraviolet: galaxies, ultraviolet: ISM},
     year = 2017,
    month = sep,
   volume = 470,
    pages = {3532-3556},
      doi = {10.1093/mnras/stx1324},
   adsurl = {http://adsabs.harvard.edu/abs/2017MNRAS.470.3532V},
  adsnote = {Provided by the SAO/NASA Astrophysics Data System}
}
@ARTICLE{Henry+2000,
   author = {{Henry}, R.~B.~C. and {Edmunds}, M.~G. and {K{\"o}ppen}, J.},
    title = "{On the Cosmic Origins of Carbon and Nitrogen}",
  journal = {\apj},
   eprint = {astro-ph/0004299},
 keywords = {Galaxies: Abundances, Galaxies: Evolution, Galaxy: Abundances, Galaxy: Evolution, ISM: Abundances, Nuclear Reactions, Nucleosynthesis, Abundances},
     year = 2000,
    month = oct,
   volume = 541,
    pages = {660-674},
      doi = {10.1086/309471},
   adsurl = {http://adsabs.harvard.edu/abs/2000ApJ...541..660H},
  adsnote = {Provided by the SAO/NASA Astrophysics Data System}
}

@ARTICLE{Giavalisco+1996,
   author = {{Giavalisco}, M. and {Koratkar}, A. and {Calzetti}, D.},
    title = "{Obscuration of LY alpha Photons in Star-forming Galaxies}",
  journal = {\apj},
 keywords = {GALAXIES: STARBURST, ISM: CLOUDS, ISM: DUST, EXTINCTION, ISM: H II REGIONS, ISM: STRUCTURE, STARS: FORMATION},
     year = 1996,
    month = aug,
   volume = 466,
    pages = {831},
      doi = {10.1086/177557},
   adsurl = {http://adsabs.harvard.edu/abs/1996ApJ...466..831G},
  adsnote = {Provided by the SAO/NASA Astrophysics Data System}
}

@ARTICLE{Stark+2017,
   author = {{Stark}, D.~P. and {Ellis}, R.~S. and {Charlot}, S. and {Chevallard}, J. and 
	{Tang}, M. and {Belli}, S. and {Zitrin}, A. and {Mainali}, R. and 
	{Gutkin}, J. and {Vidal-Garc{\'{\i}}a}, A. and {Bouwens}, R. and 
	{Oesch}, P.},
    title = "{Ly{$\alpha$} and C III] emission in z = 7-9 Galaxies: accelerated reionization around luminous star-forming systems?}",
  journal = {\mnras},
archivePrefix = "arXiv",
   eprint = {1606.01304},
 keywords = {galaxies: evolution, galaxies: formation, galaxies: high-redshift, cosmology: observations},
     year = 2017,
    month = jan,
   volume = 464,
    pages = {469-479},
      doi = {10.1093/mnras/stw2233},
   adsurl = {http://adsabs.harvard.edu/abs/2017MNRAS.464..469S},
  adsnote = {Provided by the SAO/NASA Astrophysics Data System}
}

@ARTICLE{Kudritzki+2000,
   author = {{Kudritzki}, R.-P. and {Puls}, J.},
    title = "{Winds from Hot Stars}",
  journal = {\araa},
 keywords = {MASS LOSS, STELLAR WINDS, MASSIVE STARS, CENTRAL STARS OF PLANETARY NEBULAE, STELLAR EVOLUTION},
     year = 2000,
   volume = 38,
    pages = {613-666},
      doi = {10.1146/annurev.astro.38.1.613},
   adsurl = {http://adsabs.harvard.edu/abs/2000ARA%26A..38..613K},
  adsnote = {Provided by the SAO/NASA Astrophysics Data System}
}

@ARTICLE{Levesque+2015n,
   author = {{Levesque}, E.~M.},
    title = "{UV Astronomy with Webb: Star-Forming Galaxies at z > 9}",
  journal = {STSci Newsletter},
     year = 2015,
   url = {https://blogs.stsci.edu/newsletter/files/2015/10/Levesque-StarFormingWebb.pdf},
}

@ARTICLE{Bresolin+2016,
   author = {{Bresolin}, F. and {Kudritzki}, R.-P. and {Urbaneja}, M.~A. and 
	{Gieren}, W. and {Ho}, I.-T. and {Pietrzy{\'n}ski}, G.},
    title = "{Young Stars and Ionized Nebulae in M83: Comparing Chemical Abundances at High Metallicity.}",
  journal = {\apj},
archivePrefix = "arXiv",
   eprint = {1607.06840},
 keywords = {galaxies: abundances, H ii regions, galaxies: individual: M83, NGC 5236, stars: early-type, supergiants},
     year = 2016,
    month = oct,
   volume = 830,
      eid = {64},
    pages = {64},
      doi = {10.3847/0004-637X/830/2/64},
   adsurl = {http://adsabs.harvard.edu/abs/2016ApJ...830...64B},
  adsnote = {Provided by the SAO/NASA Astrophysics Data System}
}

@ARTICLE{Bresolin+2009,
   author = {{Bresolin}, F. and {Gieren}, W. and {Kudritzki}, R.-P. and {Pietrzy{\'n}ski}, G. and 
	{Urbaneja}, M.~A. and {Carraro}, G.},
    title = "{Extragalactic Chemical Abundances: Do H II Regions and Young Stars Tell the Same Story? The Case of the Spiral Galaxy NGC 300}",
  journal = {\apj},
archivePrefix = "arXiv",
   eprint = {0905.2791},
 primaryClass = "astro-ph.CO",
 keywords = {galaxies: abundances, galaxies: individual: NGC 300, galaxies: ISM},
     year = 2009,
    month = jul,
   volume = 700,
    pages = {309-330},
      doi = {10.1088/0004-637X/700/1/309},
   adsurl = {http://adsabs.harvard.edu/abs/2009ApJ...700..309B},
  adsnote = {Provided by the SAO/NASA Astrophysics Data System}
}

@ARTICLE{Kudritzki+2012,
   author = {{Kudritzki}, R.-P. and {Urbaneja}, M.~A. and {Gazak}, Z. and 
	{Bresolin}, F. and {Przybilla}, N. and {Gieren}, W. and {Pietrzy{\'n}ski}, G.
	},
    title = "{Quantitative Spectroscopy of Blue Supergiant Stars in the Disk of M81: Metallicity, Metallicity Gradient, and Distance}",
  journal = {\apj},
archivePrefix = "arXiv",
   eprint = {1112.3643},
 keywords = {galaxies: distances and redshifts, galaxies: individual: M81, stars: abundances, stars: early-type},
     year = 2012,
    month = mar,
   volume = 747,
      eid = {15},
    pages = {15},
      doi = {10.1088/0004-637X/747/1/15},
   adsurl = {http://adsabs.harvard.edu/abs/2012ApJ...747...15K},
  adsnote = {Provided by the SAO/NASA Astrophysics Data System}
}

@MISC{SciPy,
  author =    {Eric Jones and Travis Oliphant and Pearu Peterson and others},
  title =     {{SciPy}: Open source scientific tools for {Python}},
  publisher = {Computing in Science \& Engineering},
  year = {2007},
  url = "http://www.scipy.org/"
}
%------------
@ARTICLE{Conroy+2010,
   author = {{Conroy}, C. and {Gunn}, J.~E.},
    title = "{The Propagation of Uncertainties in Stellar Population Synthesis Modeling. III. Model Calibration, Comparison, and Evaluation}",
  journal = {\apj},
archivePrefix = "arXiv",
   eprint = {0911.3151},
 keywords = {galaxies: evolution, galaxies: stellar content, stars: evolution},
     year = 2010,
    month = apr,
   volume = 712,
    pages = {833-857},
      doi = {10.1088/0004-637X/712/2/833},
   adsurl = {http://adsabs.harvard.edu/abs/2010ApJ...712..833C},
  adsnote = {Provided by the SAO/NASA Astrophysics Data System}
}

@MISC{cloudyFSPSv1,
  author       = {{Byler}, N.},
  title        = {cloudyFSPS},
  version      = {1.0.0},
  publisher    = {Zenodo},
  month        = jan,
  year         = 2018,
  doi          = {10.5281/zenodo.1156412},
  url          = {https://doi.org/10.5281/zenodo.1156412}
}

@MISC{pythonFSPSdfm,
  author       = {{Foreman-Mackey}, D., and {Sick}, J., and {Johnson}, B.~D.},
  title        = {python-fsps: Python bindings to FSPS},
  version      = {0.1.1},
  publisher    = {Zenodo},
  month        = oct,
  year         = 2014,
  doi          = {10.5281/zenodo.12157},
  url          = {https://doi.org/10.5281/zenodo.12157}
}

@ARTICLE{Wolff+1997,
   author = {{Wolff}, S. and {Simon}, T.},
    title = "{The Angular Momentum of Main Sequence Stars and Its Relation to Stellar Activity}",
  journal = {\pasp},
 keywords = {STARS: ROTATION, STARS: ACTIVITY},
     year = 1997,
    month = jul,
   volume = 109,
    pages = {759-775},
      doi = {10.1086/133942},
   adsurl = {http://adsabs.harvard.edu/abs/1997PASP..109..759W},
  adsnote = {Provided by the SAO/NASA Astrophysics Data System}
}


@ARTICLE{Canto+2011,
   author = {{Canto Martins}, B.~L. and {L{\`e}bre}, A. and {Palacios}, A. and 
	{de Laverny}, P. and {Richard}, O. and {Melo}, C.~H.~F. and 
	{Do Nascimento}, Jr., J.~D. and {de Medeiros}, J.~R.},
    title = "{Lithium abundances and extra mixing processes in evolved stars of M 67}",
  journal = {\aap},
archivePrefix = "arXiv",
   eprint = {1101.3757},
 primaryClass = "astro-ph.SR",
 keywords = {stars: abundances, stars: fundamental parameters, stars: atmospheres, stars: evolution},
     year = 2011,
    month = mar,
   volume = 527,
      eid = {A94},
    pages = {A94},
      doi = {10.1051/0004-6361/201015015},
   adsurl = {http://adsabs.harvard.edu/abs/2011A%26A...527A..94C},
  adsnote = {Provided by the SAO/NASA Astrophysics Data System}
}

@ARTICLE{Levesque+2012,
   author = {{Levesque}, E.~M. and {Leitherer}, C. and {Ekstrom}, S. and 
	{Meynet}, G. and {Schaerer}, D.},
    title = "{The Effects of Stellar Rotation. I. Impact on the Ionizing Spectra and Integrated Properties of Stellar Populations}",
  journal = {\apj},
archivePrefix = "arXiv",
   eprint = {1203.5109},
 primaryClass = "astro-ph.SR",
 keywords = {galaxies: stellar content, stars: evolution, stars: rotation},
     year = 2012,
    month = may,
   volume = 751,
      eid = {67},
    pages = {67},
      doi = {10.1088/0004-637X/751/1/67},
   adsurl = {http://adsabs.harvard.edu/abs/2012ApJ...751...67L},
  adsnote = {Provided by the SAO/NASA Astrophysics Data System}
}

@ARTICLE{Kurucz+2005,
   author = {{Kurucz}, R.~L.},
    title = "{ATLAS12, SYNTHE, ATLAS9, WIDTH9, et cetera}",
  journal = {Memorie della Societa Astronomica Italiana Supplementi},
 keywords = {Stars: atmospheres, Stars: abundances, Atmospheric effects, Atomic data, Molecular data, Techniques: spectroscopic},
     year = 2005,
   volume = 8,
    pages = {14},
   adsurl = {http://adsabs.harvard.edu/abs/2005MSAIS...8...14K},
  adsnote = {Provided by the SAO/NASA Astrophysics Data System}
}

@ARTICLE{Xiao+2018,
   author = {{Xiao}, L. and {Stanway}, E. and {Eldridge}, J.~J.},
    title = "{Emission-line diagnostics of nearby HII regions including interacting binary populations}",
  journal = {ArXiv e-prints},
archivePrefix = "arXiv",
   eprint = {1801.07068},
 keywords = {Astrophysics - Astrophysics of Galaxies},
     year = 2018,
    month = jan,
   adsurl = {http://adsabs.harvard.edu/abs/2018arXiv180107068X},
  adsnote = {Provided by the SAO/NASA Astrophysics Data System}
}

@ARTICLE{Duchene+2013,
   author = {{Duch{\^e}ne}, G. and {Kraus}, A.},
    title = "{Stellar Multiplicity}",
  journal = {\araa},
archivePrefix = "arXiv",
   eprint = {1303.3028},
 primaryClass = "astro-ph.SR",
     year = 2013,
    month = aug,
   volume = 51,
    pages = {269-310},
      doi = {10.1146/annurev-astro-081710-102602},
   adsurl = {http://adsabs.harvard.edu/abs/2013ARA%26A..51..269D},
  adsnote = {Provided by the SAO/NASA Astrophysics Data System}
}

@ARTICLE{Sana+2012,
   author = {{Sana}, H. and {de Mink}, S.~E. and {de Koter}, A. and {Langer}, N. and 
	{Evans}, C.~J. and {Gieles}, M. and {Gosset}, E. and {Izzard}, R.~G. and 
	{Le Bouquin}, J.-B. and {Schneider}, F.~R.~N.},
    title = "{Binary Interaction Dominates the Evolution of Massive Stars}",
  journal = {Science},
archivePrefix = "arXiv",
   eprint = {1207.6397},
 primaryClass = "astro-ph.SR",
     year = 2012,
    month = jul,
   volume = 337,
    pages = {444},
      doi = {10.1126/science.1223344},
   adsurl = {http://adsabs.harvard.edu/abs/2012Sci...337..444S},
  adsnote = {Provided by the SAO/NASA Astrophysics Data System}
}

@ARTICLE{deMink+2013,
   author = {{de Mink}, S.~E. and {Langer}, N. and {Izzard}, R.~G. and {Sana}, H. and 
	{de Koter}, A.},
    title = "{The Rotation Rates of Massive Stars: The Role of Binary Interaction through Tides, Mass Transfer, and Mergers}",
  journal = {\apj},
archivePrefix = "arXiv",
   eprint = {1211.3742},
 primaryClass = "astro-ph.SR",
 keywords = {binaries: close, binaries: spectroscopic, Galaxy: stellar content, stars: early-type, stars: massive, stars: rotation},
     year = 2013,
    month = feb,
   volume = 764,
      eid = {166},
    pages = {166},
      doi = {10.1088/0004-637X/764/2/166},
   adsurl = {http://adsabs.harvard.edu/abs/2013ApJ...764..166D},
  adsnote = {Provided by the SAO/NASA Astrophysics Data System}
}

@ARTICLE{Kobulnicky+2014,
   author = {{Kobulnicky}, H.~A. and {Kiminki}, D.~C. and {Lundquist}, M.~J. and 
	{Burke}, J. and {Chapman}, J. and {Keller}, E. and {Lester}, K. and 
	{Rolen}, E.~K. and {Topel}, E. and {Bhattacharjee}, A. and {Smullen}, R.~A. and 
	{Vargas {\'A}lvarez}, C.~A. and {Runnoe}, J.~C. and {Dale}, D.~A. and 
	{Brotherton}, M.~M.},
    title = "{Toward Complete Statistics of Massive Binary Stars: Penultimate Results from the Cygnus OB2 Radial Velocity Survey}",
  journal = {\apjs},
archivePrefix = "arXiv",
   eprint = {1406.6655},
 primaryClass = "astro-ph.SR",
 keywords = {binaries: close, binaries: general, binaries: spectroscopic, stars: early-type, stars: kinematics and dynamics, stars: massive, techniques: radial velocities},
     year = 2014,
    month = aug,
   volume = 213,
      eid = {34},
    pages = {34},
      doi = {10.1088/0067-0049/213/2/34},
   adsurl = {http://adsabs.harvard.edu/abs/2014ApJS..213...34K},
  adsnote = {Provided by the SAO/NASA Astrophysics Data System}
}

@ARTICLE{Ma+2016,
   author = {{Ma}, X. and {Hopkins}, P.~F. and {Kasen}, D. and {Quataert}, E. and 
	{Faucher-Gigu{\`e}re}, C.-A. and {Kere{\v s}}, D. and {Murray}, N. and 
	{Strom}, A.},
    title = "{Binary stars can provide the `missing photons' needed for reionization}",
  journal = {\mnras},
archivePrefix = "arXiv",
   eprint = {1601.07559},
 keywords = {binaries: general, stars: evolution, galaxies: formation, galaxies: high-redshift, cosmology: theory},
     year = 2016,
    month = jul,
   volume = 459,
    pages = {3614-3619},
      doi = {10.1093/mnras/stw941},
   adsurl = {http://adsabs.harvard.edu/abs/2016MNRAS.459.3614M},
  adsnote = {Provided by the SAO/NASA Astrophysics Data System}
}

@ARTICLE{Eldridge+2009,
   author = {{Eldridge}, J.~J. and {Stanway}, E.~R.},
    title = "{Spectral population synthesis including massive binaries}",
  journal = {\mnras},
archivePrefix = "arXiv",
   eprint = {0908.1386},
 keywords = {binaries: general , stars: evolution , stars: Wolf-Rayet , galaxies: starburst , galaxies: star clusters , galaxies: stellar content},
     year = 2009,
    month = dec,
   volume = 400,
    pages = {1019-1028},
      doi = {10.1111/j.1365-2966.2009.15514.x},
   adsurl = {http://adsabs.harvard.edu/abs/2009MNRAS.400.1019E},
  adsnote = {Provided by the SAO/NASA Astrophysics Data System}
}

@ARTICLE{VilaCostas+1993,
   author = {{Vila Costas}, M.~B. and {Edmunds}, M.~G.},
    title = "{The Nitrogen-To Ratio in Galaxies and its Implications for the Origin of Nitrogen}",
  journal = {\mnras},
     year = 1993,
    month = nov,
   volume = 265,
    pages = {199},
      doi = {10.1093/mnras/265.1.199},
   adsurl = {http://adsabs.harvard.edu/abs/1993MNRAS.265..199V},
  adsnote = {Provided by the SAO/NASA Astrophysics Data System}
}


@ARTICLE{Garnett+1999,
   author = {{Garnett}, D.~R. and {Shields}, G.~A. and {Peimbert}, M. and 
	{Torres-Peimbert}, S. and {Skillman}, E.~D. and {Dufour}, R.~J. and 
	{Terlevich}, E. and {Terlevich}, R.~J.},
    title = "{Carbon in Spiral Galaxies from Hubble Space Telescope Spectroscopy}",
  journal = {\apj},
   eprint = {astro-ph/9810026},
 keywords = {GALAXIES: ABUNDANCES, GALAXIES: EVOLUTION, GALAXIES: INDIVIDUAL: MESSIER NUMBER: M101, GALAXIES: INDIVIDUAL: NGC NUMBER: NGC 2403, GALAXIES: ISM, GALAXIES: SPIRAL, Galaxies: Abundances, Galaxies: Evolution, Galaxies: Individual: Messier Number: M101, Galaxies: Individual: NGC Number: NGC 2403, Galaxies: ISM, Galaxies: Spiral},
     year = 1999,
    month = mar,
   volume = 513,
    pages = {168-179},
      doi = {10.1086/306860},
   adsurl = {http://adsabs.harvard.edu/abs/1999ApJ...513..168G},
  adsnote = {Provided by the SAO/NASA Astrophysics Data System}
}

@PROCEEDINGS{Cowley+1995,
    title = "{An Introduction to Cosmochemistry}",
booktitle = {An introduction to cosmochemistry, Publisher: Cambridge; New York Cambridge University Press, 1995 Physical description xii, 490 p. ISBN0521415381},
     year = 1995,
   editor = {{Cowley}, C.~R.},
    month = jan,
    pages = {ISBN0521415381},
   adsurl = {http://adsabs.harvard.edu/abs/1995inco.conf.....C},
  adsnote = {Provided by the SAO/NASA Astrophysics Data System}
}

@ARTICLE{Rigby+2018a,
   author = {{Rigby}, J.~R. and {Bayliss}, M.~B. and {Sharon}, K. and {Gladders}, M.~D. and 
	{Chisholm}, J. and {Dahle}, H. and {Johnson}, T. and {Paterno-Mahler}, R. and 
	{Wuyts}, E. and {Kelson}, D.~D.},
    title = "{The Magellan Evolution of Galaxies Spectroscopic and Ultraviolet Reference Atlas (MegaSaura). I. The Sample and the Spectra}",
  journal = {\aj},
archivePrefix = "arXiv",
   eprint = {1710.07294},
 keywords = {atlases, galaxies: evolution, galaxies: high-redshift, gravitational lensing: strong },
     year = 2018,
    month = mar,
   volume = 155,
      eid = {104},
    pages = {104},
      doi = {10.3847/1538-3881/aaa2ff},
   adsurl = {http://adsabs.harvard.edu/abs/2018AJ....155..104R},
  adsnote = {Provided by the SAO/NASA Astrophysics Data System}
}

@ARTICLE{Rigby+2018b,
   author = {{Rigby}, J.~R. and {Bayliss}, M.~B. and {Chisholm}, J. and {Bordoloi}, R. and 
	{Sharon}, K. and {Gladders}, M.~D. and {Johnson}, T. and {Paterno-Mahler}, R. and 
	{Wuyts}, E. and {Dahle}, H. and {Acharyya}, A.},
    title = "{The Magellan Evolution of Galaxies Spectroscopic and Ultraviolet Reference Atlas (MegaSaura). II. Stacked Spectra}",
  journal = {\apj},
archivePrefix = "arXiv",
   eprint = {1710.07499},
 keywords = {galaxies: evolution, galaxies: high-redshift, gravitational lensing: strong, intergalactic medium, stars: winds, outflows },
     year = 2018,
    month = jan,
   volume = 853,
      eid = {87},
    pages = {87},
      doi = {10.3847/1538-4357/aaa2fc},
   adsurl = {http://adsabs.harvard.edu/abs/2018ApJ...853...87R},
  adsnote = {Provided by the SAO/NASA Astrophysics Data System}
}

@ARTICLE{Byler+2018,
   author = {{Byler}, N. and {Dalcanton}, J. and {Conroy}, C. and {Johnson}, B. and 
	{Levesque}, E. and {Berg}, D.},
    title = "{Stellar and nebular diagnostics in the UV for star-forming galaxies}",
  journal = {ArXiv e-prints},
archivePrefix = "arXiv",
   eprint = {1803.04425},
 keywords = {Astrophysics - Astrophysics of Galaxies},
     year = 2018,
    month = mar,
   adsurl = {http://adsabs.harvard.edu/abs/2018arXiv180304425B},
  adsnote = {Provided by the SAO/NASA Astrophysics Data System}
}

@ARTICLE{Berg+2015,
   author = {{Berg}, D.~A. and {Skillman}, E.~D. and {Croxall}, K.~V. and 
	{Pogge}, R.~W. and {Moustakas}, J. and {Johnson-Groh}, M.},
    title = "{CHAOS I. Direct Chemical Abundances for H II Regions in NGC 628}",
  journal = {\apj},
archivePrefix = "arXiv",
   eprint = {1501.02270},
 keywords = {galaxies: abundances, galaxies: evolution, galaxies: individual: NGC 628, galaxies: ISM, galaxies: spiral, ISM: lines and bands},
     year = 2015,
    month = jun,
   volume = 806,
      eid = {16},
    pages = {16},
      doi = {10.1088/0004-637X/806/1/16},
   adsurl = {http://adsabs.harvard.edu/abs/2015ApJ...806...16B},
  adsnote = {Provided by the SAO/NASA Astrophysics Data System}
}

@ARTICLE{Storey+2014,
   author = {{Storey}, P.~J. and {Sochi}, T. and {Badnell}, N.~R.},
    title = "{Collision strengths for nebular [O III] optical and infrared lines}",
  journal = {\mnras},
 keywords = {atomic data, atomic processes, radiation mechanisms: non-thermal, planetary nebulae: general, infrared: general},
     year = 2014,
    month = jul,
   volume = 441,
    pages = {3028-3039},
      doi = {10.1093/mnras/stu777},
   adsurl = {http://adsabs.harvard.edu/abs/2014MNRAS.441.3028S},
  adsnote = {Provided by the SAO/NASA Astrophysics Data System}
}

@ARTICLE{Wuyts+2014,
   author = {{Wuyts}, E. and {Rigby}, J.~R. and {Gladders}, M.~D. and {Sharon}, K.
	},
    title = "{A Magnified View of the Kinematics and Morphology of RCSGA 032727-132609: Zooming in on a Merger at z = 1.7}",
  journal = {\apj},
archivePrefix = "arXiv",
   eprint = {1312.1564},
 keywords = {galaxies: high-redshift, galaxies: kinematics and dynamics, galaxies: structure, gravitational lensing: strong},
     year = 2014,
    month = feb,
   volume = 781,
      eid = {61},
    pages = {61},
      doi = {10.1088/0004-637X/781/2/61},
   adsurl = {http://adsabs.harvard.edu/abs/2014ApJ...781...61W},
  adsnote = {Provided by the SAO/NASA Astrophysics Data System}
}

@MISC{PyNeb,
   author = {{Luridiana}, V. and {Morisset}, C. and {Shaw}, R.~A.},
    title = "{PyNeb: Analysis of emission lines}",
 keywords = {Software},
howpublished = {Astrophysics Source Code Library},
     year = 2013,
    month = apr,
archivePrefix = "ascl",
   eprint = {1304.021},
   adsurl = {http://adsabs.harvard.edu/abs/2013ascl.soft04021L},
  adsnote = {Provided by the SAO/NASA Astrophysics Data System}
}

@ARTICLE{Aggarwal+1999,
   author = {{Aggarwal}, K.~M. and {Keenan}, F.~P.},
    title = "{Excitation Rate Coefficients for Fine-Structure Transitions in O III}",
  journal = {\apjs},
 keywords = {ATOMIC DATA, ATOMIC PROCESSES, Atomic Data, Atomic Processes},
     year = 1999,
    month = jul,
   volume = 123,
    pages = {311-349},
      doi = {10.1086/313232},
   adsurl = {http://adsabs.harvard.edu/abs/1999ApJS..123..311A},
  adsnote = {Provided by the SAO/NASA Astrophysics Data System}
}

@ARTICLE{Whitaker+2014,
   author = {{Whitaker}, K.~E. and {Rigby}, J.~R. and {Brammer}, G.~B. and 
	{Gladders}, M.~D. and {Sharon}, K. and {Teng}, S.~H. and {Wuyts}, E.
	},
    title = "{Resolved Star Formation on Sub-galactic Scales in a Merger at z = 1.7}",
  journal = {\apj},
archivePrefix = "arXiv",
   eprint = {1405.0490},
 keywords = {galaxies: interactions, galaxies: starburst, gravitational lensing: strong},
     year = 2014,
    month = aug,
   volume = 790,
      eid = {143},
    pages = {143},
      doi = {10.1088/0004-637X/790/2/143},
   adsurl = {http://adsabs.harvard.edu/abs/2014ApJ...790..143W},
  adsnote = {Provided by the SAO/NASA Astrophysics Data System}
}

@ARTICLE{Rigby+2011,
   author = {{Rigby}, J.~R. and {Wuyts}, E. and {Gladders}, M.~D. and {Sharon}, K. and 
	{Becker}, G.~D.},
    title = "{The Physical Conditions of a Lensed Star-forming Galaxy at z = 1.7}",
  journal = {\apj},
archivePrefix = "arXiv",
   eprint = {1102.2441},
 keywords = {galaxies: abundances, galaxies: evolution, galaxies: high-redshift, gravitational lensing: strong},
     year = 2011,
    month = may,
   volume = 732,
      eid = {59},
    pages = {59},
      doi = {10.1088/0004-637X/732/1/59},
   adsurl = {http://adsabs.harvard.edu/abs/2011ApJ...732...59R},
  adsnote = {Provided by the SAO/NASA Astrophysics Data System}
}

@ARTICLE{Dopita+1997,
   author = {{Dopita}, M.~A. and {Koratkar}, A.~P. and {Allen}, M.~G. and 
	{Tsvetanov}, Z.~I. and {Ford}, H.~C. and {Bicknell}, G.~V. and 
	{Sutherland}, R.~S.},
    title = "{The LINER Nucleus of M87: A Shock-excited Dissipative Accretion Disk}",
  journal = {\apj},
 keywords = {Accretion, Accretion Disks, Galaxies: Individual: Messier Number: M87, Galaxies: Kinematics and Dynamics, Galaxies: Nuclei, X-Rays: Galaxies},
     year = 1997,
    month = nov,
   volume = 490,
    pages = {202-215},
      doi = {10.1086/304862},
   adsurl = {http://adsabs.harvard.edu/abs/1997ApJ...490..202D},
  adsnote = {Provided by the SAO/NASA Astrophysics Data System}
}


@ARTICLE{PerezMontero+2017,
   author = {{P{\'e}rez-Montero}, E. and {Amor{\'{\i}}n}, R.},
    title = "{Using photo-ionisation models to derive carbon and oxygen gas-phase abundances in the rest UV}",
  journal = {\mnras},
archivePrefix = "arXiv",
   eprint = {1701.04411},
 keywords = {methods: data analysis, ISM: abundances, galaxies: abundances},
     year = 2017,
    month = may,
   volume = 467,
    pages = {1287-1293},
      doi = {10.1093/mnras/stx186},
   adsurl = {http://adsabs.harvard.edu/abs/2017MNRAS.467.1287P},
  adsnote = {Provided by the SAO/NASA Astrophysics Data System}
}

@ARTICLE{Zahid+2014,
   author = {{Zahid}, H.~J. and {Dima}, G.~I. and {Kudritzki}, R.-P. and 
	{Kewley}, L.~J. and {Geller}, M.~J. and {Hwang}, H.~S. and {Silverman}, J.~D. and 
	{Kashino}, D.},
    title = "{The Universal Relation of Galactic Chemical Evolution: The Origin of the Mass-Metallicity Relation}",
  journal = {\apj},
archivePrefix = "arXiv",
   eprint = {1404.7526},
 keywords = {galaxies: evolution, galaxies: high-redshift},
     year = 2014,
    month = aug,
   volume = 791,
      eid = {130},
    pages = {130},
      doi = {10.1088/0004-637X/791/2/130},
   adsurl = {http://adsabs.harvard.edu/abs/2014ApJ...791..130Z},
  adsnote = {Provided by the SAO/NASA Astrophysics Data System}
}


@ARTICLE{Sanders+2017,
   author = {{Sanders}, R.~L. and {Shapley}, A.~E. and {Kriek}, M. and {Freeman}, W.~R. and 
	{Reddy}, N.~A. and {Siana}, B. and {Coil}, A.~L. and {Mobasher}, B. and 
	{Dav{\'e}}, R. and {Shivaei}, I. and {Azadi}, M. and {Price}, S.~H. and 
	{Leung}, G. and {Fetherholf}, T. and {de Groot}, L. and {Zick}, T. and 
	{Fornasini}, F.~M. and {Barro}, G.},
    title = "{The MOSDEF survey: a stellar mass-SFR-metallicity relation exists at $z\sim2.3$}",
  journal = {ArXiv e-prints},
archivePrefix = "arXiv",
   eprint = {1711.00224},
 keywords = {Astrophysics - Astrophysics of Galaxies},
     year = 2017,
    month = nov,
   adsurl = {http://adsabs.harvard.edu/abs/2017arXiv171100224S},
  adsnote = {Provided by the SAO/NASA Astrophysics Data System}
}

@ARTICLE{Paalvast+2017,
   author = {{Paalvast}, M. and {Brinchmann}, J.},
    title = "{Metallicity calibrations of galaxies with low star formation rates: the influence of a stochastic IMF}",
  journal = {\mnras},
archivePrefix = "arXiv",
   eprint = {1705.10309},
 keywords = {H II regions, galaxies: abundances, galaxies: dwarf, galaxies: evolution, galaxies: star formation, H $\lt$sc$\gt$II$\lt$/sc$\gt$ regions},
     year = 2017,
    month = sep,
   volume = 470,
    pages = {1612-1625},
      doi = {10.1093/mnras/stx1271},
   adsurl = {http://adsabs.harvard.edu/abs/2017MNRAS.470.1612P},
  adsnote = {Provided by the SAO/NASA Astrophysics Data System}
}

@ARTICLE{Kashino+2017,
   author = {{Kashino}, D. and {Silverman}, J.~D. and {Sanders}, D. and {Kartaltepe}, J.~S. and 
	{Daddi}, E. and {Renzini}, A. and {Valentino}, F. and {Rodighiero}, G. and 
	{Juneau}, S. and {Kewley}, L.~J. and {Zahid}, H.~J. and {Arimoto}, N. and 
	{Nagao}, T. and {Chu}, J. and {Sugiyama}, N. and {Civano}, F. and 
	{Ilbert}, O. and {Kajisawa}, M. and {Le F{\`e}vre}, O. and {Maier}, C. and 
	{Masters}, D. and {Miyaji}, T. and {Onodera}, M. and {Puglisi}, A. and 
	{Taniguchi}, Y.},
    title = "{The FMOS-COSMOS Survey of Star-forming Galaxies at z {\ap} 1.6. IV. Excitation State and Chemical Enrichment of the Interstellar Medium}",
  journal = {\apj},
archivePrefix = "arXiv",
   eprint = {1604.06802},
 keywords = {galaxies: abundances, galaxies: evolution, galaxies: high-redshift, galaxies: ISM, galaxies: star formation},
     year = 2017,
    month = jan,
   volume = 835,
      eid = {88},
    pages = {88},
      doi = {10.3847/1538-4357/835/1/88},
   adsurl = {http://adsabs.harvard.edu/abs/2017ApJ...835...88K},
  adsnote = {Provided by the SAO/NASA Astrophysics Data System}
}

@ARTICLE{Bian+2017,
   author = {{Bian}, F. and {Kewley}, L.~J. and {Dopita}, M.~A. and {Blanc}, G.~A.
	},
    title = "{Mass-Metallicity Relation for Local Analogs of High-redshift galaxies: Implications for the Evolution of the Mass-Metallicity Relations}",
  journal = {\apj},
archivePrefix = "arXiv",
   eprint = {1611.08595},
 keywords = {evolution, galaxies: abundances, galaxies: high-redshift, galaxies: ISM},
     year = 2017,
    month = jan,
   volume = 834,
      eid = {51},
    pages = {51},
      doi = {10.3847/1538-4357/834/1/51},
   adsurl = {http://adsabs.harvard.edu/abs/2017ApJ...834...51B},
  adsnote = {Provided by the SAO/NASA Astrophysics Data System}
}

@ARTICLE{Schnieider+1993,
   author = {{Schneider}, D.~P. and {Hartig}, G.~F. and {Jannuzi}, B.~T. and 
	{Kirhakos}, S. and {Saxe}, D.~H. and {Weymann}, R.~J. and {Bahcall}, J.~N. and 
	{Bergeron}, J. and {Boksenberg}, A. and {Sargent}, W.~L.~W. and 
	{Savage}, B.~D. and {Turnshek}, D.~A. and {Wolfe}, A.~M.},
    title = "{The Hubble Space Telescope quasar absorption line key project. II - Data calibration and absorption-line selection}",
  journal = {\apjs},
 keywords = {Absorption Spectra, Hubble Space Telescope, Quasars, Astronomical Spectroscopy, Calibrating, Emission Spectra, Spectral Energy Distribution, Spectral Line Width},
     year = 1993,
    month = jul,
   volume = 87,
    pages = {45-62},
      doi = {10.1086/191798},
   adsurl = {http://adsabs.harvard.edu/abs/1993ApJS...87...45S},
  adsnote = {Provided by the SAO/NASA Astrophysics Data System}
}

@ARTICLE{James+2014,
   author = {{James}, B.~L. and {Aloisi}, A. and {Heckman}, T. and {Sohn}, S.~T. and 
	{Wolfe}, M.~A.},
    title = "{Investigating Nearby Star-forming Galaxies in the Ultraviolet with HST/COS Spectroscopy. I. Spectral Analysis and Interstellar Abundance Determinations}",
  journal = {\apj},
archivePrefix = "arXiv",
   eprint = {1408.4420},
 keywords = {galaxies: individual: I Zw18 M83 NGC 3690 NGC 4214 NGC 4449 NGC 4670 NGC 5253 SBS 0335{\ndash}052 SBS 141+437, galaxies: ISM, galaxies: starburst, ISM: abundances, ultraviolet: ISM},
     year = 2014,
    month = nov,
   volume = 795,
      eid = {109},
    pages = {109},
      doi = {10.1088/0004-637X/795/2/109},
   adsurl = {http://adsabs.harvard.edu/abs/2014ApJ...795..109J},
  adsnote = {Provided by the SAO/NASA Astrophysics Data System}
}

@ARTICLE{Du+2017,
   author = {{Du}, X. and {Shapley}, A.~E. and {Martin}, C.~L. and {Coil}, A.~L.
	},
    title = "{C III] Emission in Star-forming Galaxies at z {\sim}{\nbsp}1}",
  journal = {\apj},
archivePrefix = "arXiv",
   eprint = {1612.06866},
 keywords = {galaxies: evolution, H ii regions, ultraviolet: galaxies },
     year = 2017,
    month = mar,
   volume = 838,
      eid = {63},
    pages = {63},
      doi = {10.3847/1538-4357/aa64cf},
   adsurl = {http://adsabs.harvard.edu/abs/2017ApJ...838...63D},
  adsnote = {Provided by the SAO/NASA Astrophysics Data System}
}
